
  <record>
    <leader>41177cas a2203145u  4500</leader>
    <controlfield tag="001">a3195846</controlfield>
    <controlfield tag="003">SIRSI</controlfield>
    <controlfield tag="007">cr||||</controlfield>
    <controlfield tag="008">790220c18809999dcuwr p       0   a0eng  </controlfield>
    <datafield tag="010" ind1=" " ind2=" ">
      <subfield code="a">   17024346 </subfield>
      <subfield code="z">   02027780</subfield>
    </datafield>
    <datafield tag="022" ind1=" " ind2=" ">
      <subfield code="a">0036-8075</subfield>
    </datafield>
    <datafield tag="035" ind1=" " ind2=" ">
      <subfield code="a">(CStRLIN)CSUP07681604-S</subfield>
    </datafield>
    <datafield tag="035" ind1=" " ind2=" ">
      <subfield code="a">(OCoLC-M)1644869</subfield>
    </datafield>
    <datafield tag="035" ind1=" " ind2=" ">
      <subfield code="a">(OCoLC-I)274994503</subfield>
    </datafield>
    <datafield tag="040" ind1=" " ind2=" ">
      <subfield code="c">CSt</subfield>
      <subfield code="d">CSt</subfield>
      <subfield code="d">OrLoB</subfield>
    </datafield>
    <datafield tag="050" ind1="0" ind2=" ">
      <subfield code="a">Q1</subfield>
      <subfield code="b">.S35</subfield>
    </datafield>
    <datafield tag="082" ind1=" " ind2=" ">
      <subfield code="a">505</subfield>
    </datafield>
    <datafield tag="130" ind1="0" ind2=" ">
      <subfield code="a">Science (Weekly)</subfield>
    </datafield>
    <datafield tag="245" ind1="1" ind2="0">
      <subfield code="a">Science.</subfield>
    </datafield>
    <datafield tag="246" ind1="3" ind2=" ">
      <subfield code="a">Science magazine</subfield>
    </datafield>
    <datafield tag="246" ind1="1" ind2=" ">
      <subfield code="i">Vols. for 1880-1882 have title:</subfield>
      <subfield code="a">Science; a weekly record of scientific progress</subfield>
    </datafield>
    <datafield tag="246" ind1="1" ind2=" ">
      <subfield code="i">Vols. for 1883-1892 have title:</subfield>
      <subfield code="a">Science; an illustrated journal</subfield>
    </datafield>
    <datafield tag="246" ind1="1" ind2=" ">
      <subfield code="i">Vols. for 1895-1910 have title:</subfield>
      <subfield code="a">Science; a weekly journal devoted to the advancement of science</subfield>
    </datafield>
    <datafield tag="260" ind1=" " ind2=" ">
      <subfield code="a">[Washington, etc.]</subfield>
      <subfield code="b">American Association for the Advancement of Science [etc.]</subfield>
    </datafield>
    <datafield tag="310" ind1=" " ind2=" ">
      <subfield code="a">Weekly (except last week in Dec.)</subfield>
    </datafield>
    <datafield tag="362" ind1="0" ind2=" ">
      <subfield code="a">Vol. 1, no. 1 (July 3, 1880)-v. 1, no. 3 (Mar. 4, 1882); [New ser.] Vol. 1, no. 1 (Feb. 9, 1883)-v. 23, no. 581 (Mar. 23, 1894); [2nd ser.] v. 1, no. 1 (Jan. 4, 1895)-</subfield>
    </datafield>
    <datafield tag="500" ind1=" " ind2=" ">
      <subfield code="a">Imprint varies. Published: New York, N.Y. : [s.n.], 1880-1882; Cambridge, Mass. : Science Company, Moses King, 1883- ; Lancaster, Pa. : Science Press, -1944; Lancaster, Pa. : American Association for the Advancement of Science, 1945- ; Washington, DC : American Association for the Advancement of Science, &lt;Oct. 4, 1991-&gt;</subfield>
    </datafield>
    <datafield tag="500" ind1=" " ind2=" ">
      <subfield code="a">Since Jan. 1901 the official proceedings and most of the papers of the American Association for the Advancement of Science have been included in Science.</subfield>
    </datafield>
    <datafield tag="500" ind1=" " ind2=" ">
      <subfield code="a">Some issues accompanied by CD-ROM.</subfield>
    </datafield>
    <datafield tag="515" ind1=" " ind2=" ">
      <subfield code="a">None issued for Jan. 7, Jan. 28-Feb. 1882. Vol. 23 (no. 570) Jan. 5, 1894 incorrectly numbered v. 22 (no. 570).</subfield>
    </datafield>
    <datafield tag="530" ind1=" " ind2=" ">
      <subfield code="a">Also recent issues available to registered users in an online version published with the assistance of Stanford University's HighWire Press (http://www.sciencemag.org/).  Title on home page: Science online. Back issues on JSTOR web site.</subfield>
    </datafield>
    <datafield tag="555" ind1=" " ind2=" ">
      <subfield code="a">Index in last issue of v., -1996; index only available in online version, 1997-</subfield>
    </datafield>
    <datafield tag="590" ind1=" " ind2=" ">
      <subfield code="a">Available online to Stanford-affiliated users.</subfield>
    </datafield>
    <datafield tag="596" ind1=" " ind2=" ">
      <subfield code="a">1 6 7 10 14 19 22 31</subfield>
    </datafield>
    <datafield tag="650" ind1=" " ind2="0">
      <subfield code="a">Science</subfield>
      <subfield code="v">Periodicals.</subfield>
    </datafield>
    <datafield tag="710" ind1="2" ind2=" ">
      <subfield code="a">American Association for the Advancement of Science.</subfield>
    </datafield>
    <datafield tag="710" ind1="2" ind2=" ">
      <subfield code="a">HighWire Press.</subfield>
    </datafield>
    <datafield tag="710" ind1="2" ind2=" ">
      <subfield code="a">JSTOR (Organization)</subfield>
    </datafield>
    <datafield tag="740" ind1="0" ind2=" ">
      <subfield code="a">Science online.</subfield>
    </datafield>
    <datafield tag="770" ind1="0" ind2=" ">
      <subfield code="t">AAAS observer</subfield>
      <subfield code="x">1043-6936</subfield>
      <subfield code="w">(DLC)sn 88019924</subfield>
      <subfield code="w">(OCoLC)18455932</subfield>
    </datafield>
    <datafield tag="777" ind1="0" ind2="8">
      <subfield code="i">Vols. for 1911-1913 contain:</subfield>
      <subfield code="a">Helminthological Society of Washington.</subfield>
      <subfield code="t">Proceedings of the Helminthological Society of Washington</subfield>
      <subfield code="g">1st-15th</subfield>
      <subfield code="x">0018-0130</subfield>
      <subfield code="w">(DLC)   65032051</subfield>
      <subfield code="w">(OCoLC)1604661</subfield>
    </datafield>
    <datafield tag="780" ind1="0" ind2="5">
      <subfield code="t">Scientific monthly</subfield>
      <subfield code="g">Jan. 1958</subfield>
    </datafield>
    <datafield tag="856" ind1="4" ind2="1">
      <subfield code="z">Recent issues available to Stanford-affiliated users at:</subfield>
      <subfield code="u">http://www.sciencemag.org/</subfield>
    </datafield>
    <datafield tag="856" ind1="4" ind2="1">
      <subfield code="3">Back issues available to Stanford-affiliated users at:</subfield>
      <subfield code="u">http://www.jstor.org/journals/00368075.html</subfield>
    </datafield>
    <datafield tag="856" ind1="4" ind2="1">
      <subfield code="3">Back issues available to Stanford-affiliated users at:</subfield>
      <subfield code="u">http://www.sciencemag.org/archive/</subfield>
    </datafield>
    <datafield tag="956" ind1="4" ind2="1">
      <subfield code="u">http://library.stanford.edu/sfx?url%5Fver=Z39.88-2004&amp;ctx%5Fver=Z39.88-2004&amp;ctx%5Fenc=info:ofi/enc:UTF-8&amp;rfr%5Fid=info:sid/sfxit.com:opac%5F856&amp;url%5Fctx%5Ffmt=info:ofi/fmt:kev:mtx:ctx&amp;sfx.ignore%5Fdate%5Fthreshold=1&amp;rft.object%5Fid=954925443632&amp;svc%5Fval%5Ffmt=info:ofi/fmt:kev:mtx:sch%5Fsvc&amp;</subfield>
      <subfield code="x">eLoaderURL</subfield>
      <subfield code="x">mr4</subfield>
      <subfield code="x">mr954925443632</subfield>
    </datafield>
    <datafield tag="999" ind1=" " ind2=" ">
      <subfield code="a">Q1 .S34 V.282:5389-5397 1998:OCT.-DEC.</subfield>
      <subfield code="w">LCPER</subfield>
      <subfield code="c">11</subfield>
      <subfield code="i">36105021104547</subfield>
      <subfield code="d">9/24/2008</subfield>
      <subfield code="e">9/10/2008</subfield>
      <subfield code="l">STACKS</subfield>
      <subfield code="m">SAL3</subfield>
      <subfield code="n">1</subfield>
      <subfield code="p">$40.00</subfield>
      <subfield code="q">35</subfield>
      <subfield code="r">Y</subfield>
      <subfield code="s">Y</subfield>
      <subfield code="t">STKS-PERI</subfield>
      <subfield code="u">2/1/1999</subfield>
      <subfield code="z">DIGI-SENT</subfield>
      <subfield code="o">.TECHSTAFF. tf:ENG 09/24/08 batch</subfield>
    </datafield>
    <datafield tag="999" ind1=" " ind2=" ">
      <subfield code="a">Q1 .S34 V.284:5416-5423 1999:MAY-JUN.</subfield>
      <subfield code="w">LCPER</subfield>
      <subfield code="c">11</subfield>
      <subfield code="i">36105022064542</subfield>
      <subfield code="d">9/24/2008</subfield>
      <subfield code="e">9/10/2008</subfield>
      <subfield code="l">STACKS</subfield>
      <subfield code="m">SAL3</subfield>
      <subfield code="n">1</subfield>
      <subfield code="p">$40.00</subfield>
      <subfield code="q">27</subfield>
      <subfield code="r">Y</subfield>
      <subfield code="s">Y</subfield>
      <subfield code="t">STKS-PERI</subfield>
      <subfield code="u">8/23/1999</subfield>
      <subfield code="z">DIGI-SENT</subfield>
      <subfield code="o">.TECHSTAFF. tf:ENG 09/24/08 batch</subfield>
    </datafield>
    <datafield tag="999" ind1=" " ind2=" ">
      <subfield code="a">Q1 .S34 V.285:5424-5432 1999:JUL.-AUG.</subfield>
      <subfield code="w">LCPER</subfield>
      <subfield code="c">11</subfield>
      <subfield code="i">36105022065937</subfield>
      <subfield code="d">9/24/2008</subfield>
      <subfield code="e">9/10/2008</subfield>
      <subfield code="l">STACKS</subfield>
      <subfield code="m">SAL3</subfield>
      <subfield code="n">3</subfield>
      <subfield code="p">$40.00</subfield>
      <subfield code="q">27</subfield>
      <subfield code="r">Y</subfield>
      <subfield code="s">Y</subfield>
      <subfield code="t">STKS-PERI</subfield>
      <subfield code="u">10/8/1999</subfield>
      <subfield code="z">DIGI-SENT</subfield>
      <subfield code="o">.TECHSTAFF. tf:ENG 09/24/08 batch</subfield>
    </datafield>
    <datafield tag="999" ind1=" " ind2=" ">
      <subfield code="a">Q1 .S34 V.285-286:5433-5439 1999:SEP-OC</subfield>
      <subfield code="w">LCPER</subfield>
      <subfield code="c">11</subfield>
      <subfield code="i">36105022067602</subfield>
      <subfield code="d">9/24/2008</subfield>
      <subfield code="e">9/10/2008</subfield>
      <subfield code="l">STACKS</subfield>
      <subfield code="m">SAL3</subfield>
      <subfield code="n">1</subfield>
      <subfield code="p">$40.00</subfield>
      <subfield code="q">21</subfield>
      <subfield code="r">Y</subfield>
      <subfield code="s">Y</subfield>
      <subfield code="t">STKS-PERI</subfield>
      <subfield code="u">11/23/1999</subfield>
      <subfield code="z">DIGI-SENT</subfield>
      <subfield code="o">.TECHSTAFF. tf:ENG 09/24/08 batch</subfield>
    </datafield>
    <datafield tag="999" ind1=" " ind2=" ">
      <subfield code="a">Q1 .S34 V.277:5322-5330 1997:JUL.-AUG.</subfield>
      <subfield code="w">LCPER</subfield>
      <subfield code="c">11</subfield>
      <subfield code="i">36105020660911</subfield>
      <subfield code="d">9/24/2008</subfield>
      <subfield code="e">9/10/2008</subfield>
      <subfield code="l">STACKS</subfield>
      <subfield code="m">SAL3</subfield>
      <subfield code="n">4</subfield>
      <subfield code="p">$40.00</subfield>
      <subfield code="q">59</subfield>
      <subfield code="r">Y</subfield>
      <subfield code="s">Y</subfield>
      <subfield code="t">STKS-PERI</subfield>
      <subfield code="u">10/21/1997</subfield>
      <subfield code="z">DIGI-SENT</subfield>
      <subfield code="o">.TECHSTAFF. tf:ENG 09/24/08 batch</subfield>
    </datafield>
    <datafield tag="999" ind1=" " ind2=" ">
      <subfield code="a">Q1 .S34 V.321:NO.5896 2008:SEPT.19</subfield>
      <subfield code="w">LCPER</subfield>
      <subfield code="c">1</subfield>
      <subfield code="i">36105131936432</subfield>
      <subfield code="l">STACKS</subfield>
      <subfield code="m">EARTH-SCI</subfield>
      <subfield code="p">$125.00</subfield>
      <subfield code="r">Y</subfield>
      <subfield code="s">Y</subfield>
      <subfield code="t">PERIUNBND</subfield>
      <subfield code="u">9/30/2008</subfield>
      <subfield code="z">TAX=8.25</subfield>
    </datafield>
    <datafield tag="999" ind1=" " ind2=" ">
      <subfield code="a">Q1 .S34 V.321:NO.5897 2008:SEPT.26</subfield>
      <subfield code="w">LCPER</subfield>
      <subfield code="c">1</subfield>
      <subfield code="i">36105131936549</subfield>
      <subfield code="l">STACKS</subfield>
      <subfield code="m">EARTH-SCI</subfield>
      <subfield code="p">$125.00</subfield>
      <subfield code="r">Y</subfield>
      <subfield code="s">Y</subfield>
      <subfield code="t">PERIUNBND</subfield>
      <subfield code="u">10/3/2008</subfield>
      <subfield code="z">TAX=8.25</subfield>
    </datafield>
    <datafield tag="999" ind1=" " ind2=" ">
      <subfield code="a">Q1 .S34 V.320:NO.5872-5875 2008</subfield>
      <subfield code="w">LCPER</subfield>
      <subfield code="c">1</subfield>
      <subfield code="i">36105024549920</subfield>
      <subfield code="l">SHELBYTITL</subfield>
      <subfield code="m">HOPKINS</subfield>
      <subfield code="r">Y</subfield>
      <subfield code="s">Y</subfield>
      <subfield code="t">PERI</subfield>
      <subfield code="u">10/8/2008</subfield>
    </datafield>
    <datafield tag="999" ind1=" " ind2=" ">
      <subfield code="a">Q1 .S34 V.320:NO.5876-5884 2008</subfield>
      <subfield code="w">LCPER</subfield>
      <subfield code="c">1</subfield>
      <subfield code="i">36105024549938</subfield>
      <subfield code="l">SHELBYTITL</subfield>
      <subfield code="m">HOPKINS</subfield>
      <subfield code="r">Y</subfield>
      <subfield code="s">Y</subfield>
      <subfield code="t">PERI</subfield>
      <subfield code="u">10/8/2008</subfield>
    </datafield>
    <datafield tag="999" ind1=" " ind2=" ">
      <subfield code="a">Q1 .S34 V.321 2008:P.1117-END</subfield>
      <subfield code="w">LCPER</subfield>
      <subfield code="c">1</subfield>
      <subfield code="i">36105123060183</subfield>
      <subfield code="d">11/17/2008</subfield>
      <subfield code="e">10/17/2008</subfield>
      <subfield code="k">WITHDRAWN</subfield>
      <subfield code="l">SHELBYTITL</subfield>
      <subfield code="m">PHYSICS</subfield>
      <subfield code="n">1</subfield>
      <subfield code="q">1</subfield>
      <subfield code="r">Y</subfield>
      <subfield code="s">Y</subfield>
      <subfield code="t">PERI</subfield>
      <subfield code="u">10/14/2008</subfield>
    </datafield>
    <datafield tag="999" ind1=" " ind2=" ">
      <subfield code="a">Q1 .S34 V.322:NO.5898 2008:OCT.3</subfield>
      <subfield code="w">LCPER</subfield>
      <subfield code="c">1</subfield>
      <subfield code="i">36105131936648</subfield>
      <subfield code="l">STACKS</subfield>
      <subfield code="m">EARTH-SCI</subfield>
      <subfield code="p">$125.00</subfield>
      <subfield code="r">Y</subfield>
      <subfield code="s">Y</subfield>
      <subfield code="t">PERIUNBND</subfield>
      <subfield code="u">10/15/2008</subfield>
      <subfield code="z">TAX=8.25</subfield>
    </datafield>
    <datafield tag="999" ind1=" " ind2=" ">
      <subfield code="a">Q1 .S34 V.321:P.1-596 2008</subfield>
      <subfield code="w">LCPER</subfield>
      <subfield code="c">1</subfield>
      <subfield code="i">36105123656667</subfield>
      <subfield code="d">11/26/2008</subfield>
      <subfield code="e">10/17/2008</subfield>
      <subfield code="l">SHELBYTITL</subfield>
      <subfield code="m">CHEMCHMENG</subfield>
      <subfield code="n">1</subfield>
      <subfield code="q">3</subfield>
      <subfield code="r">Y</subfield>
      <subfield code="s">Y</subfield>
      <subfield code="t">PERI2</subfield>
      <subfield code="u">10/17/2008</subfield>
    </datafield>
    <datafield tag="999" ind1=" " ind2=" ">
      <subfield code="a">Q1 .S34 V.321:P.597-1256 2008</subfield>
      <subfield code="w">LCPER</subfield>
      <subfield code="c">1</subfield>
      <subfield code="i">36105123656675</subfield>
      <subfield code="d">11/26/2008</subfield>
      <subfield code="e">10/17/2008</subfield>
      <subfield code="l">SHELBYTITL</subfield>
      <subfield code="m">CHEMCHMENG</subfield>
      <subfield code="n">1</subfield>
      <subfield code="q">6</subfield>
      <subfield code="r">Y</subfield>
      <subfield code="s">Y</subfield>
      <subfield code="t">PERI2</subfield>
      <subfield code="u">10/17/2008</subfield>
    </datafield>
    <datafield tag="999" ind1=" " ind2=" ">
      <subfield code="a">Q1 .S34 V.322:NO.5899 2008:OCT.10</subfield>
      <subfield code="w">LCPER</subfield>
      <subfield code="c">1</subfield>
      <subfield code="i">36105131936713</subfield>
      <subfield code="l">STACKS</subfield>
      <subfield code="m">EARTH-SCI</subfield>
      <subfield code="p">$125.00</subfield>
      <subfield code="r">Y</subfield>
      <subfield code="s">Y</subfield>
      <subfield code="t">PERIUNBND</subfield>
      <subfield code="u">10/21/2008</subfield>
      <subfield code="z">TAX=8.25</subfield>
    </datafield>
    <datafield tag="999" ind1=" " ind2=" ">
      <subfield code="a">Q1 .S34 V.322:NO.5900 2008:OCT.17</subfield>
      <subfield code="w">LCPER</subfield>
      <subfield code="c">1</subfield>
      <subfield code="i">36105131936754</subfield>
      <subfield code="l">STACKS</subfield>
      <subfield code="m">EARTH-SCI</subfield>
      <subfield code="p">$125.00</subfield>
      <subfield code="r">Y</subfield>
      <subfield code="s">Y</subfield>
      <subfield code="t">PERIUNBND</subfield>
      <subfield code="u">10/23/2008</subfield>
      <subfield code="z">TAX=8.25</subfield>
    </datafield>
    <datafield tag="999" ind1=" " ind2=" ">
      <subfield code="a">Q1 .S34 V.322:NO.5901 2008:OCT.24</subfield>
      <subfield code="w">LCPER</subfield>
      <subfield code="c">1</subfield>
      <subfield code="i">36105131939618</subfield>
      <subfield code="l">STACKS</subfield>
      <subfield code="m">EARTH-SCI</subfield>
      <subfield code="p">$125.00</subfield>
      <subfield code="r">Y</subfield>
      <subfield code="s">Y</subfield>
      <subfield code="t">PERIUNBND</subfield>
      <subfield code="u">11/5/2008</subfield>
      <subfield code="z">TAX=8.25</subfield>
    </datafield>
    <datafield tag="999" ind1=" " ind2=" ">
      <subfield code="a">Q1 .S34 V.321:P.1257-1888 2008</subfield>
      <subfield code="w">LCPER</subfield>
      <subfield code="c">1</subfield>
      <subfield code="i">36105123657269</subfield>
      <subfield code="d">6/3/2010</subfield>
      <subfield code="e">5/20/2010</subfield>
      <subfield code="l">SHELBYTITL</subfield>
      <subfield code="m">CHEMCHMENG</subfield>
      <subfield code="n">1</subfield>
      <subfield code="q">3</subfield>
      <subfield code="r">Y</subfield>
      <subfield code="s">Y</subfield>
      <subfield code="t">PERI2</subfield>
      <subfield code="u">11/11/2008</subfield>
      <subfield code="z">DIGI-SENT</subfield>
    </datafield>
    <datafield tag="999" ind1=" " ind2=" ">
      <subfield code="a">Q1 .S34 V.322:NO.5902 2008:OCT.31</subfield>
      <subfield code="w">LCPER</subfield>
      <subfield code="c">1</subfield>
      <subfield code="i">36105131939782</subfield>
      <subfield code="l">STACKS</subfield>
      <subfield code="m">EARTH-SCI</subfield>
      <subfield code="p">$125.00</subfield>
      <subfield code="r">Y</subfield>
      <subfield code="s">Y</subfield>
      <subfield code="t">PERIUNBND</subfield>
      <subfield code="u">11/14/2008</subfield>
      <subfield code="z">TAX=8.25</subfield>
    </datafield>
    <datafield tag="999" ind1=" " ind2=" ">
      <subfield code="a">Q1 .S34 V.322:NO.5903 2008:NOV.7</subfield>
      <subfield code="w">LCPER</subfield>
      <subfield code="c">1</subfield>
      <subfield code="i">36105131939790</subfield>
      <subfield code="l">STACKS</subfield>
      <subfield code="m">EARTH-SCI</subfield>
      <subfield code="p">$125.00</subfield>
      <subfield code="r">Y</subfield>
      <subfield code="s">Y</subfield>
      <subfield code="t">PERIUNBND</subfield>
      <subfield code="u">11/14/2008</subfield>
      <subfield code="z">TAX=8.25</subfield>
    </datafield>
    <datafield tag="999" ind1=" " ind2=" ">
      <subfield code="a">Q1 .S34 V.322 2008:P.1-1008</subfield>
      <subfield code="w">LCPER</subfield>
      <subfield code="c">1</subfield>
      <subfield code="i">36105123061124</subfield>
      <subfield code="d">1/28/2009</subfield>
      <subfield code="e">12/9/2008</subfield>
      <subfield code="k">WITHDRAWN</subfield>
      <subfield code="l">SHELBYTITL</subfield>
      <subfield code="m">PHYSICS</subfield>
      <subfield code="n">1</subfield>
      <subfield code="q">1</subfield>
      <subfield code="r">Y</subfield>
      <subfield code="s">Y</subfield>
      <subfield code="t">PERI</subfield>
      <subfield code="u">11/24/2008</subfield>
    </datafield>
    <datafield tag="999" ind1=" " ind2=" ">
      <subfield code="a">Q1 .S34 V.322:NO.5904 2008:NOV.14</subfield>
      <subfield code="w">LCPER</subfield>
      <subfield code="c">1</subfield>
      <subfield code="i">36105131939873</subfield>
      <subfield code="l">STACKS</subfield>
      <subfield code="m">EARTH-SCI</subfield>
      <subfield code="p">$125.00</subfield>
      <subfield code="r">Y</subfield>
      <subfield code="s">Y</subfield>
      <subfield code="t">PERIUNBND</subfield>
      <subfield code="u">11/26/2008</subfield>
      <subfield code="z">TAX=8.25</subfield>
    </datafield>
    <datafield tag="999" ind1=" " ind2=" ">
      <subfield code="a">Q1 .S34 V.322:NO.5905 2008:NOV.21</subfield>
      <subfield code="w">LCPER</subfield>
      <subfield code="c">1</subfield>
      <subfield code="i">36105132405999</subfield>
      <subfield code="d">1/7/2009</subfield>
      <subfield code="l">STACKS</subfield>
      <subfield code="m">EARTH-SCI</subfield>
      <subfield code="p">$125.00</subfield>
      <subfield code="q">1</subfield>
      <subfield code="r">Y</subfield>
      <subfield code="s">Y</subfield>
      <subfield code="t">PERIUNBND</subfield>
      <subfield code="u">12/5/2008</subfield>
      <subfield code="z">TAX=8.25</subfield>
    </datafield>
    <datafield tag="999" ind1=" " ind2=" ">
      <subfield code="a">Q1 .S34 V.322:NO.5906 2008:NOV.28</subfield>
      <subfield code="w">LCPER</subfield>
      <subfield code="c">1</subfield>
      <subfield code="i">36105132406179</subfield>
      <subfield code="l">STACKS</subfield>
      <subfield code="m">EARTH-SCI</subfield>
      <subfield code="p">$125.00</subfield>
      <subfield code="r">Y</subfield>
      <subfield code="s">Y</subfield>
      <subfield code="t">PERIUNBND</subfield>
      <subfield code="u">12/12/2008</subfield>
      <subfield code="z">TAX=8.25</subfield>
    </datafield>
    <datafield tag="999" ind1=" " ind2=" ">
      <subfield code="a">Q1 .S34 V.322:P.1-804 2008</subfield>
      <subfield code="w">LCPER</subfield>
      <subfield code="c">1</subfield>
      <subfield code="i">36105123657673</subfield>
      <subfield code="d">2/19/2009</subfield>
      <subfield code="e">1/8/2009</subfield>
      <subfield code="l">SHELBYTITL</subfield>
      <subfield code="m">CHEMCHMENG</subfield>
      <subfield code="n">2</subfield>
      <subfield code="r">Y</subfield>
      <subfield code="s">Y</subfield>
      <subfield code="t">PERI2</subfield>
      <subfield code="u">12/12/2008</subfield>
    </datafield>
    <datafield tag="999" ind1=" " ind2=" ">
      <subfield code="a">Q1 .S34 V.322:NO.5907 2008:DEC.5</subfield>
      <subfield code="w">LCPER</subfield>
      <subfield code="c">1</subfield>
      <subfield code="i">36105132409074</subfield>
      <subfield code="l">STACKS</subfield>
      <subfield code="m">EARTH-SCI</subfield>
      <subfield code="p">$125.00</subfield>
      <subfield code="r">Y</subfield>
      <subfield code="s">Y</subfield>
      <subfield code="t">PERIUNBND</subfield>
      <subfield code="u">12/16/2008</subfield>
      <subfield code="z">TAX=8.25</subfield>
    </datafield>
    <datafield tag="999" ind1=" " ind2=" ">
      <subfield code="a">Q1 .S34 V.322:NO.5908 2008:DEC.12</subfield>
      <subfield code="w">LCPER</subfield>
      <subfield code="c">1</subfield>
      <subfield code="i">36105132408605</subfield>
      <subfield code="l">STACKS</subfield>
      <subfield code="m">EARTH-SCI</subfield>
      <subfield code="p">$125.00</subfield>
      <subfield code="r">Y</subfield>
      <subfield code="s">Y</subfield>
      <subfield code="t">PERIUNBND</subfield>
      <subfield code="u">12/29/2008</subfield>
      <subfield code="z">TAX=8.25</subfield>
    </datafield>
    <datafield tag="999" ind1=" " ind2=" ">
      <subfield code="a">Q1 .S34 V.322:NO.5909 2008:DEC.19</subfield>
      <subfield code="w">LCPER</subfield>
      <subfield code="c">1</subfield>
      <subfield code="i">36105132409850</subfield>
      <subfield code="d">1/14/2009</subfield>
      <subfield code="l">STACKS</subfield>
      <subfield code="m">EARTH-SCI</subfield>
      <subfield code="p">$125.00</subfield>
      <subfield code="q">1</subfield>
      <subfield code="r">Y</subfield>
      <subfield code="s">Y</subfield>
      <subfield code="t">PERIUNBND</subfield>
      <subfield code="u">12/30/2008</subfield>
      <subfield code="z">TAX=8.25</subfield>
    </datafield>
    <datafield tag="999" ind1=" " ind2=" ">
      <subfield code="a">Q1 .S34 V.319:P.1289-1882 2008</subfield>
      <subfield code="w">LCPER</subfield>
      <subfield code="c">1</subfield>
      <subfield code="i">36105123657764</subfield>
      <subfield code="d">6/3/2010</subfield>
      <subfield code="e">5/20/2010</subfield>
      <subfield code="l">SHELBYTITL</subfield>
      <subfield code="m">CHEMCHMENG</subfield>
      <subfield code="n">2</subfield>
      <subfield code="r">Y</subfield>
      <subfield code="s">Y</subfield>
      <subfield code="t">PERI2</subfield>
      <subfield code="u">1/6/2009</subfield>
      <subfield code="z">DIGI-SENT</subfield>
    </datafield>
    <datafield tag="999" ind1=" " ind2=" ">
      <subfield code="a">Q1 .S34 V.321:NO.5885-5893 2008</subfield>
      <subfield code="w">LCPER</subfield>
      <subfield code="c">1</subfield>
      <subfield code="i">36105024551306</subfield>
      <subfield code="l">SHELBYTITL</subfield>
      <subfield code="m">HOPKINS</subfield>
      <subfield code="n">9</subfield>
      <subfield code="r">Y</subfield>
      <subfield code="s">Y</subfield>
      <subfield code="t">PERI</subfield>
      <subfield code="u">1/14/2009</subfield>
    </datafield>
    <datafield tag="999" ind1=" " ind2=" ">
      <subfield code="a">Q1 .S34 V.323:NO.5910 2009:JAN.2</subfield>
      <subfield code="w">LCPER</subfield>
      <subfield code="c">1</subfield>
      <subfield code="i">36105132410536</subfield>
      <subfield code="l">STACKS</subfield>
      <subfield code="m">EARTH-SCI</subfield>
      <subfield code="p">$125.00</subfield>
      <subfield code="r">Y</subfield>
      <subfield code="s">Y</subfield>
      <subfield code="t">PERIUNBND</subfield>
      <subfield code="u">1/15/2009</subfield>
      <subfield code="z">TAX=8.25</subfield>
    </datafield>
    <datafield tag="999" ind1=" " ind2=" ">
      <subfield code="a">505 .S416 V.322:NO.5898-5902 2008</subfield>
      <subfield code="w">DEWEYPER</subfield>
      <subfield code="c">5</subfield>
      <subfield code="i">36105123109592</subfield>
      <subfield code="d">3/9/2009</subfield>
      <subfield code="e">1/20/2009</subfield>
      <subfield code="j">2</subfield>
      <subfield code="l">SHELBYTITL</subfield>
      <subfield code="m">BIOLOGY</subfield>
      <subfield code="n">1</subfield>
      <subfield code="r">Y</subfield>
      <subfield code="s">Y</subfield>
      <subfield code="t">PERI</subfield>
      <subfield code="u">1/16/2009</subfield>
    </datafield>
    <datafield tag="999" ind1=" " ind2=" ">
      <subfield code="a">505 .S416 V.322:NO.5894-5897 2008</subfield>
      <subfield code="w">DEWEYPER</subfield>
      <subfield code="c">5</subfield>
      <subfield code="i">36105123109600</subfield>
      <subfield code="d">3/9/2009</subfield>
      <subfield code="e">1/20/2009</subfield>
      <subfield code="l">SHELBYTITL</subfield>
      <subfield code="m">BIOLOGY</subfield>
      <subfield code="n">1</subfield>
      <subfield code="q">4</subfield>
      <subfield code="r">Y</subfield>
      <subfield code="s">Y</subfield>
      <subfield code="t">PERI</subfield>
      <subfield code="u">1/16/2009</subfield>
    </datafield>
    <datafield tag="999" ind1=" " ind2=" ">
      <subfield code="a">505 .S416 V.321:NO.5885-5893 2008</subfield>
      <subfield code="w">DEWEYPER</subfield>
      <subfield code="c">5</subfield>
      <subfield code="i">36105123109618</subfield>
      <subfield code="d">3/10/2009</subfield>
      <subfield code="e">1/20/2009</subfield>
      <subfield code="l">SHELBYTITL</subfield>
      <subfield code="m">BIOLOGY</subfield>
      <subfield code="n">1</subfield>
      <subfield code="q">5</subfield>
      <subfield code="r">Y</subfield>
      <subfield code="s">Y</subfield>
      <subfield code="t">PERI</subfield>
      <subfield code="u">1/16/2009</subfield>
    </datafield>
    <datafield tag="999" ind1=" " ind2=" ">
      <subfield code="a">Q1 .S34 V.322 2008:P.1009-END</subfield>
      <subfield code="w">LCPER</subfield>
      <subfield code="c">1</subfield>
      <subfield code="i">36105123062148</subfield>
      <subfield code="d">3/13/2009</subfield>
      <subfield code="e">1/23/2009</subfield>
      <subfield code="k">WITHDRAWN</subfield>
      <subfield code="l">SHELBYTITL</subfield>
      <subfield code="m">PHYSICS</subfield>
      <subfield code="n">1</subfield>
      <subfield code="r">Y</subfield>
      <subfield code="s">Y</subfield>
      <subfield code="t">PERI</subfield>
      <subfield code="u">1/20/2009</subfield>
    </datafield>
    <datafield tag="999" ind1=" " ind2=" ">
      <subfield code="a">Q1 .S34 V.323:NO.5911 2009:JAN.9</subfield>
      <subfield code="w">LCPER</subfield>
      <subfield code="c">1</subfield>
      <subfield code="i">36105132410585</subfield>
      <subfield code="l">STACKS</subfield>
      <subfield code="m">EARTH-SCI</subfield>
      <subfield code="p">$125.00</subfield>
      <subfield code="r">Y</subfield>
      <subfield code="s">Y</subfield>
      <subfield code="t">PERIUNBND</subfield>
      <subfield code="u">1/21/2009</subfield>
      <subfield code="z">TAX=8.25</subfield>
    </datafield>
    <datafield tag="999" ind1=" " ind2=" ">
      <subfield code="a">Q1 .S34 V.322:P.805-1418 2008</subfield>
      <subfield code="w">LCPER</subfield>
      <subfield code="c">1</subfield>
      <subfield code="i">36105123658671</subfield>
      <subfield code="d">3/4/2009</subfield>
      <subfield code="e">1/21/2009</subfield>
      <subfield code="l">SHELBYTITL</subfield>
      <subfield code="m">CHEMCHMENG</subfield>
      <subfield code="n">1</subfield>
      <subfield code="r">Y</subfield>
      <subfield code="s">Y</subfield>
      <subfield code="t">PERI2</subfield>
      <subfield code="u">1/21/2009</subfield>
    </datafield>
    <datafield tag="999" ind1=" " ind2=" ">
      <subfield code="a">Q1 .S34 V.323:NO.5912 2009:JAN.16</subfield>
      <subfield code="w">LCPER</subfield>
      <subfield code="c">1</subfield>
      <subfield code="i">36105132410643</subfield>
      <subfield code="l">STACKS</subfield>
      <subfield code="m">EARTH-SCI</subfield>
      <subfield code="p">$125.00</subfield>
      <subfield code="r">Y</subfield>
      <subfield code="s">Y</subfield>
      <subfield code="t">PERIUNBND</subfield>
      <subfield code="u">1/27/2009</subfield>
      <subfield code="z">TAX=8.25</subfield>
    </datafield>
    <datafield tag="999" ind1=" " ind2=" ">
      <subfield code="a">Q1 .S34 V.323:NO.5913 2009:JAN.23</subfield>
      <subfield code="w">LCPER</subfield>
      <subfield code="c">1</subfield>
      <subfield code="i">36105132410676</subfield>
      <subfield code="l">STACKS</subfield>
      <subfield code="m">EARTH-SCI</subfield>
      <subfield code="p">$125.00</subfield>
      <subfield code="r">Y</subfield>
      <subfield code="s">Y</subfield>
      <subfield code="t">PERIUNBND</subfield>
      <subfield code="u">2/2/2009</subfield>
      <subfield code="z">TAX=8.25</subfield>
    </datafield>
    <datafield tag="999" ind1=" " ind2=" ">
      <subfield code="a">Q1 .S34 V.322:P.1419-1894 2008</subfield>
      <subfield code="w">LCPER</subfield>
      <subfield code="c">1</subfield>
      <subfield code="i">36105123658911</subfield>
      <subfield code="d">6/3/2010</subfield>
      <subfield code="e">5/20/2010</subfield>
      <subfield code="l">SHELBYTITL</subfield>
      <subfield code="m">CHEMCHMENG</subfield>
      <subfield code="n">1</subfield>
      <subfield code="r">Y</subfield>
      <subfield code="s">Y</subfield>
      <subfield code="t">PERI2</subfield>
      <subfield code="u">2/2/2009</subfield>
      <subfield code="z">DIGI-SENT</subfield>
    </datafield>
    <datafield tag="999" ind1=" " ind2=" ">
      <subfield code="a">Q1 .S34 V.323:NO.5914 2009:JAN.30</subfield>
      <subfield code="w">LCPER</subfield>
      <subfield code="c">1</subfield>
      <subfield code="i">36105132420758</subfield>
      <subfield code="l">STACKS</subfield>
      <subfield code="m">EARTH-SCI</subfield>
      <subfield code="p">$125.00</subfield>
      <subfield code="r">Y</subfield>
      <subfield code="s">Y</subfield>
      <subfield code="t">PERIUNBND</subfield>
      <subfield code="u">2/11/2009</subfield>
      <subfield code="z">TAX=8.25</subfield>
    </datafield>
    <datafield tag="999" ind1=" " ind2=" ">
      <subfield code="a">505 .S416 V.322:NO.5903-5909 2008</subfield>
      <subfield code="w">DEWEYPER</subfield>
      <subfield code="c">5</subfield>
      <subfield code="i">36105123110715</subfield>
      <subfield code="d">3/31/2009</subfield>
      <subfield code="e">2/17/2009</subfield>
      <subfield code="l">SHELBYTITL</subfield>
      <subfield code="m">BIOLOGY</subfield>
      <subfield code="n">1</subfield>
      <subfield code="r">Y</subfield>
      <subfield code="s">Y</subfield>
      <subfield code="t">PERI</subfield>
      <subfield code="u">2/12/2009</subfield>
    </datafield>
    <datafield tag="999" ind1=" " ind2=" ">
      <subfield code="a">Q1 .S34 V.324:NO.5917 2009:FEB.20</subfield>
      <subfield code="w">LCPER</subfield>
      <subfield code="c">1</subfield>
      <subfield code="i">36105132422382</subfield>
      <subfield code="l">STACKS</subfield>
      <subfield code="m">EARTH-SCI</subfield>
      <subfield code="p">$125.00</subfield>
      <subfield code="r">Y</subfield>
      <subfield code="s">Y</subfield>
      <subfield code="t">PERIUNBND</subfield>
      <subfield code="u">3/2/2009</subfield>
      <subfield code="z">TAX=8.25</subfield>
    </datafield>
    <datafield tag="999" ind1=" " ind2=" ">
      <subfield code="a">Q1 .S34 V.323:NO.5918 2009:FEB.27</subfield>
      <subfield code="w">LCPER</subfield>
      <subfield code="c">1</subfield>
      <subfield code="i">36105132423570</subfield>
      <subfield code="l">STACKS</subfield>
      <subfield code="m">EARTH-SCI</subfield>
      <subfield code="p">$125.00</subfield>
      <subfield code="r">Y</subfield>
      <subfield code="s">Y</subfield>
      <subfield code="t">PERIUNBND</subfield>
      <subfield code="u">3/10/2009</subfield>
      <subfield code="z">TAX=8.25</subfield>
    </datafield>
    <datafield tag="999" ind1=" " ind2=" ">
      <subfield code="a">Q1 .S34 V.323:NO.5919 2009:MAR.6</subfield>
      <subfield code="w">LCPER</subfield>
      <subfield code="c">1</subfield>
      <subfield code="i">36105132426698</subfield>
      <subfield code="l">STACKS</subfield>
      <subfield code="m">EARTH-SCI</subfield>
      <subfield code="p">$125.00</subfield>
      <subfield code="r">Y</subfield>
      <subfield code="s">Y</subfield>
      <subfield code="t">PERIUNBND</subfield>
      <subfield code="u">3/23/2009</subfield>
      <subfield code="z">TAX=8.25</subfield>
    </datafield>
    <datafield tag="999" ind1=" " ind2=" ">
      <subfield code="a">Q1 .S34 V.321:NO.5894-5897 2008</subfield>
      <subfield code="w">LCPER</subfield>
      <subfield code="c">1</subfield>
      <subfield code="i">36105024551850</subfield>
      <subfield code="l">SHELBYTITL</subfield>
      <subfield code="m">HOPKINS</subfield>
      <subfield code="n">5</subfield>
      <subfield code="r">Y</subfield>
      <subfield code="s">Y</subfield>
      <subfield code="t">PERI</subfield>
      <subfield code="u">3/24/2009</subfield>
    </datafield>
    <datafield tag="999" ind1=" " ind2=" ">
      <subfield code="a">Q1 .S34 V.321:NO.5898-5906 2008</subfield>
      <subfield code="w">LCPER</subfield>
      <subfield code="c">1</subfield>
      <subfield code="i">36105024551868</subfield>
      <subfield code="l">SHELBYTITL</subfield>
      <subfield code="m">HOPKINS</subfield>
      <subfield code="n">11</subfield>
      <subfield code="r">Y</subfield>
      <subfield code="s">Y</subfield>
      <subfield code="t">PERI</subfield>
      <subfield code="u">3/24/2009</subfield>
    </datafield>
    <datafield tag="999" ind1=" " ind2=" ">
      <subfield code="a">Q1 .S34 V.323:NO.5920 2009:MAR.13</subfield>
      <subfield code="w">LCPER</subfield>
      <subfield code="c">1</subfield>
      <subfield code="i">36105132426854</subfield>
      <subfield code="d">4/9/2009</subfield>
      <subfield code="l">STACKS</subfield>
      <subfield code="m">EARTH-SCI</subfield>
      <subfield code="p">$125.00</subfield>
      <subfield code="q">1</subfield>
      <subfield code="r">Y</subfield>
      <subfield code="s">Y</subfield>
      <subfield code="t">PERIUNBND</subfield>
      <subfield code="u">3/26/2009</subfield>
      <subfield code="z">TAX=8.25</subfield>
    </datafield>
    <datafield tag="999" ind1=" " ind2=" ">
      <subfield code="a">Q1 .S34 V.323:NO.5915 2009:FEB.6</subfield>
      <subfield code="w">LCPER</subfield>
      <subfield code="c">1</subfield>
      <subfield code="i">36105132426888</subfield>
      <subfield code="l">STACKS</subfield>
      <subfield code="m">EARTH-SCI</subfield>
      <subfield code="p">$125.00</subfield>
      <subfield code="r">Y</subfield>
      <subfield code="s">Y</subfield>
      <subfield code="t">PERIUNBND</subfield>
      <subfield code="u">3/27/2009</subfield>
      <subfield code="z">TAX=8.25</subfield>
    </datafield>
    <datafield tag="999" ind1=" " ind2=" ">
      <subfield code="a">Q1 .S34 V.323:NO.5916 2009:FEB.13</subfield>
      <subfield code="w">LCPER</subfield>
      <subfield code="c">1</subfield>
      <subfield code="i">36105132426896</subfield>
      <subfield code="d">4/9/2009</subfield>
      <subfield code="l">STACKS</subfield>
      <subfield code="m">EARTH-SCI</subfield>
      <subfield code="p">$125.00</subfield>
      <subfield code="q">1</subfield>
      <subfield code="r">Y</subfield>
      <subfield code="s">Y</subfield>
      <subfield code="t">PERIUNBND</subfield>
      <subfield code="u">3/27/2009</subfield>
      <subfield code="z">TAX=8.25</subfield>
    </datafield>
    <datafield tag="999" ind1=" " ind2=" ">
      <subfield code="a">Q1 .S34 V.323:NO.5921 2009:MAR.20</subfield>
      <subfield code="w">LCPER</subfield>
      <subfield code="c">1</subfield>
      <subfield code="i">36105132426953</subfield>
      <subfield code="d">4/15/2009</subfield>
      <subfield code="l">STACKS</subfield>
      <subfield code="m">EARTH-SCI</subfield>
      <subfield code="p">$125.00</subfield>
      <subfield code="q">1</subfield>
      <subfield code="r">Y</subfield>
      <subfield code="s">Y</subfield>
      <subfield code="t">PERIUNBND</subfield>
      <subfield code="u">3/31/2009</subfield>
      <subfield code="z">TAX=8.25</subfield>
    </datafield>
    <datafield tag="999" ind1=" " ind2=" ">
      <subfield code="a">Q1 .S34 V.323:NO.5922 2009:MAR.27</subfield>
      <subfield code="w">LCPER</subfield>
      <subfield code="c">1</subfield>
      <subfield code="i">36105132427084</subfield>
      <subfield code="d">4/15/2009</subfield>
      <subfield code="l">STACKS</subfield>
      <subfield code="m">EARTH-SCI</subfield>
      <subfield code="p">$125.00</subfield>
      <subfield code="q">1</subfield>
      <subfield code="r">Y</subfield>
      <subfield code="s">Y</subfield>
      <subfield code="t">PERIUNBND</subfield>
      <subfield code="u">4/3/2009</subfield>
      <subfield code="z">TAX=8.25</subfield>
    </datafield>
    <datafield tag="999" ind1=" " ind2=" ">
      <subfield code="a">Q1 .S34 V.323:P.1-672 2009</subfield>
      <subfield code="w">LCPER</subfield>
      <subfield code="c">1</subfield>
      <subfield code="i">36105123660255</subfield>
      <subfield code="d">5/22/2009</subfield>
      <subfield code="e">4/8/2009</subfield>
      <subfield code="l">SHELBYTITL</subfield>
      <subfield code="m">CHEMCHMENG</subfield>
      <subfield code="n">1</subfield>
      <subfield code="q">3</subfield>
      <subfield code="r">Y</subfield>
      <subfield code="s">Y</subfield>
      <subfield code="t">PERI2</subfield>
      <subfield code="u">4/8/2009</subfield>
    </datafield>
    <datafield tag="999" ind1=" " ind2=" ">
      <subfield code="a">Q1 .S34 V.324:NO.5923 2009:APR.3</subfield>
      <subfield code="w">LCPER</subfield>
      <subfield code="c">1</subfield>
      <subfield code="i">36105132428660</subfield>
      <subfield code="d">4/22/2009</subfield>
      <subfield code="l">STACKS</subfield>
      <subfield code="m">EARTH-SCI</subfield>
      <subfield code="p">$125.00</subfield>
      <subfield code="q">1</subfield>
      <subfield code="r">Y</subfield>
      <subfield code="s">Y</subfield>
      <subfield code="t">PERIUNBND</subfield>
      <subfield code="u">4/14/2009</subfield>
      <subfield code="z">TAX=8.25</subfield>
    </datafield>
    <datafield tag="999" ind1=" " ind2=" ">
      <subfield code="a">Q1 .S34 V.324:NO.5924 2009:APR.10</subfield>
      <subfield code="w">LCPER</subfield>
      <subfield code="c">1</subfield>
      <subfield code="i">36105132428769</subfield>
      <subfield code="d">5/14/2009</subfield>
      <subfield code="l">STACKS</subfield>
      <subfield code="m">EARTH-SCI</subfield>
      <subfield code="p">$125.00</subfield>
      <subfield code="q">1</subfield>
      <subfield code="r">Y</subfield>
      <subfield code="s">Y</subfield>
      <subfield code="t">PERIUNBND</subfield>
      <subfield code="u">4/21/2009</subfield>
      <subfield code="z">TAX=8.25</subfield>
    </datafield>
    <datafield tag="999" ind1=" " ind2=" ">
      <subfield code="a">Q1 .S34 V.324:NO.5925 2009:APR.17</subfield>
      <subfield code="w">LCPER</subfield>
      <subfield code="c">1</subfield>
      <subfield code="i">36105132433298</subfield>
      <subfield code="d">5/14/2009</subfield>
      <subfield code="l">STACKS</subfield>
      <subfield code="m">EARTH-SCI</subfield>
      <subfield code="p">$125.00</subfield>
      <subfield code="q">1</subfield>
      <subfield code="r">Y</subfield>
      <subfield code="s">Y</subfield>
      <subfield code="t">PERIUNBND</subfield>
      <subfield code="u">4/29/2009</subfield>
      <subfield code="z">TAX=8.25</subfield>
    </datafield>
    <datafield tag="999" ind1=" " ind2=" ">
      <subfield code="a">Q1 .S34 V.324:NO.5926 2009:APR.24</subfield>
      <subfield code="w">LCPER</subfield>
      <subfield code="c">1</subfield>
      <subfield code="i">36105132433413</subfield>
      <subfield code="d">5/14/2009</subfield>
      <subfield code="l">STACKS</subfield>
      <subfield code="m">EARTH-SCI</subfield>
      <subfield code="p">$125.00</subfield>
      <subfield code="q">1</subfield>
      <subfield code="r">Y</subfield>
      <subfield code="s">Y</subfield>
      <subfield code="t">PERIUNBND</subfield>
      <subfield code="u">5/6/2009</subfield>
      <subfield code="z">TAX=8.25</subfield>
    </datafield>
    <datafield tag="999" ind1=" " ind2=" ">
      <subfield code="a">Q1 .S34 V.323:P.1249-1762 2009</subfield>
      <subfield code="w">LCPER</subfield>
      <subfield code="c">1</subfield>
      <subfield code="i">36105123660685</subfield>
      <subfield code="d">6/3/2010</subfield>
      <subfield code="e">5/20/2010</subfield>
      <subfield code="l">SHELBYTITL</subfield>
      <subfield code="m">CHEMCHMENG</subfield>
      <subfield code="n">1</subfield>
      <subfield code="q">6</subfield>
      <subfield code="r">Y</subfield>
      <subfield code="s">Y</subfield>
      <subfield code="t">PERI2</subfield>
      <subfield code="u">5/7/2009</subfield>
      <subfield code="z">DIGI-SENT</subfield>
    </datafield>
    <datafield tag="999" ind1=" " ind2=" ">
      <subfield code="a">Q1 .S34 V.324:NO.5927 2009:MAY1</subfield>
      <subfield code="w">LCPER</subfield>
      <subfield code="c">1</subfield>
      <subfield code="i">36105132433462</subfield>
      <subfield code="l">STACKS</subfield>
      <subfield code="m">EARTH-SCI</subfield>
      <subfield code="p">$125.00</subfield>
      <subfield code="r">Y</subfield>
      <subfield code="s">Y</subfield>
      <subfield code="t">PERIUNBND</subfield>
      <subfield code="u">5/11/2009</subfield>
      <subfield code="z">TAX=8.25</subfield>
    </datafield>
    <datafield tag="999" ind1=" " ind2=" ">
      <subfield code="a">Q1 .S34 V.324:NO.5928 2009:MAY8</subfield>
      <subfield code="w">LCPER</subfield>
      <subfield code="c">1</subfield>
      <subfield code="i">36105132433520</subfield>
      <subfield code="l">STACKS</subfield>
      <subfield code="m">EARTH-SCI</subfield>
      <subfield code="p">$125.00</subfield>
      <subfield code="r">Y</subfield>
      <subfield code="s">Y</subfield>
      <subfield code="t">PERIUNBND</subfield>
      <subfield code="u">5/18/2009</subfield>
      <subfield code="z">TAX=8.25</subfield>
    </datafield>
    <datafield tag="999" ind1=" " ind2=" ">
      <subfield code="a">Q1 .S34 V.324:NO.5929 2009:MAY15</subfield>
      <subfield code="w">LCPER</subfield>
      <subfield code="c">1</subfield>
      <subfield code="i">36105132433637</subfield>
      <subfield code="l">STACKS</subfield>
      <subfield code="m">EARTH-SCI</subfield>
      <subfield code="p">$125.00</subfield>
      <subfield code="r">Y</subfield>
      <subfield code="s">Y</subfield>
      <subfield code="t">PERIUNBND</subfield>
      <subfield code="u">5/27/2009</subfield>
      <subfield code="z">TAX=8.25</subfield>
    </datafield>
    <datafield tag="999" ind1=" " ind2=" ">
      <subfield code="a">Q1 .S34 V.324:NO.5930 2009:MAY22</subfield>
      <subfield code="w">LCPER</subfield>
      <subfield code="c">1</subfield>
      <subfield code="i">36105132433702</subfield>
      <subfield code="l">STACKS</subfield>
      <subfield code="m">EARTH-SCI</subfield>
      <subfield code="p">$125.00</subfield>
      <subfield code="r">Y</subfield>
      <subfield code="s">Y</subfield>
      <subfield code="t">PERIUNBND</subfield>
      <subfield code="u">6/3/2009</subfield>
      <subfield code="z">TAX=8.25</subfield>
    </datafield>
    <datafield tag="999" ind1=" " ind2=" ">
      <subfield code="a">Q1 .S34 V.323:P.673-1248 2009</subfield>
      <subfield code="w">LCPER</subfield>
      <subfield code="c">1</subfield>
      <subfield code="i">36105123660917</subfield>
      <subfield code="d">7/24/2009</subfield>
      <subfield code="e">6/8/2009</subfield>
      <subfield code="l">SHELBYTITL</subfield>
      <subfield code="m">CHEMCHMENG</subfield>
      <subfield code="n">1</subfield>
      <subfield code="q">3</subfield>
      <subfield code="r">Y</subfield>
      <subfield code="s">Y</subfield>
      <subfield code="t">PERI2</subfield>
      <subfield code="u">6/8/2009</subfield>
    </datafield>
    <datafield tag="999" ind1=" " ind2=" ">
      <subfield code="a">Q1 .S34 V.324:P.1-556 2009</subfield>
      <subfield code="w">LCPER</subfield>
      <subfield code="c">1</subfield>
      <subfield code="i">36105123660925</subfield>
      <subfield code="d">7/24/2009</subfield>
      <subfield code="e">6/8/2009</subfield>
      <subfield code="l">SHELBYTITL</subfield>
      <subfield code="m">CHEMCHMENG</subfield>
      <subfield code="n">1</subfield>
      <subfield code="q">2</subfield>
      <subfield code="r">Y</subfield>
      <subfield code="s">Y</subfield>
      <subfield code="t">PERI2</subfield>
      <subfield code="u">6/8/2009</subfield>
    </datafield>
    <datafield tag="999" ind1=" " ind2=" ">
      <subfield code="a">Q1 .S34 V.259 1993:P.865-1992</subfield>
      <subfield code="w">LCPER</subfield>
      <subfield code="c">1</subfield>
      <subfield code="i">36105027108013</subfield>
      <subfield code="k">WITHDRAWN</subfield>
      <subfield code="l">SHELBYTITL</subfield>
      <subfield code="m">PHYSICS</subfield>
      <subfield code="r">Y</subfield>
      <subfield code="s">Y</subfield>
      <subfield code="t">PERI</subfield>
      <subfield code="u">6/10/2009</subfield>
    </datafield>
    <datafield tag="999" ind1=" " ind2=" ">
      <subfield code="a">Q1 .S34 V.322:NO.5907-5909 2008</subfield>
      <subfield code="w">LCPER</subfield>
      <subfield code="c">1</subfield>
      <subfield code="i">36105024552395</subfield>
      <subfield code="l">SHELBYTITL</subfield>
      <subfield code="m">HOPKINS</subfield>
      <subfield code="n">1</subfield>
      <subfield code="r">Y</subfield>
      <subfield code="s">Y</subfield>
      <subfield code="t">PERI</subfield>
      <subfield code="u">6/12/2009</subfield>
    </datafield>
    <datafield tag="999" ind1=" " ind2=" ">
      <subfield code="a">Q1 .S34 V.323:NO.5910-5918 2009</subfield>
      <subfield code="w">LCPER</subfield>
      <subfield code="c">1</subfield>
      <subfield code="i">36105024552403</subfield>
      <subfield code="l">SHELBYTITL</subfield>
      <subfield code="m">HOPKINS</subfield>
      <subfield code="n">12</subfield>
      <subfield code="r">Y</subfield>
      <subfield code="s">Y</subfield>
      <subfield code="t">PERI</subfield>
      <subfield code="u">6/12/2009</subfield>
    </datafield>
    <datafield tag="999" ind1=" " ind2=" ">
      <subfield code="a">Q1 .S34 V.324:NO.5932 2009:JUNE5</subfield>
      <subfield code="w">LCPER</subfield>
      <subfield code="c">1</subfield>
      <subfield code="i">36105122069623</subfield>
      <subfield code="l">STACKS</subfield>
      <subfield code="m">EARTH-SCI</subfield>
      <subfield code="p">$125.00</subfield>
      <subfield code="r">Y</subfield>
      <subfield code="s">Y</subfield>
      <subfield code="t">PERIUNBND</subfield>
      <subfield code="u">6/16/2009</subfield>
      <subfield code="z">TAX=8.25</subfield>
    </datafield>
    <datafield tag="999" ind1=" " ind2=" ">
      <subfield code="a">505 .S416 V.324:NO.5927-5931 2009</subfield>
      <subfield code="w">DEWEYPER</subfield>
      <subfield code="c">5</subfield>
      <subfield code="i">36105123116282</subfield>
      <subfield code="l">SHELBYTITL</subfield>
      <subfield code="m">BIOLOGY</subfield>
      <subfield code="r">Y</subfield>
      <subfield code="s">Y</subfield>
      <subfield code="t">PERI</subfield>
      <subfield code="u">6/22/2009</subfield>
    </datafield>
    <datafield tag="999" ind1=" " ind2=" ">
      <subfield code="a">505 .S416 V.324:NO.5923-5926 2009</subfield>
      <subfield code="w">DEWEYPER</subfield>
      <subfield code="c">5</subfield>
      <subfield code="i">36105123116290</subfield>
      <subfield code="d">8/7/2009</subfield>
      <subfield code="e">6/25/2009</subfield>
      <subfield code="l">SHELBYTITL</subfield>
      <subfield code="m">BIOLOGY</subfield>
      <subfield code="n">1</subfield>
      <subfield code="q">2</subfield>
      <subfield code="r">Y</subfield>
      <subfield code="s">Y</subfield>
      <subfield code="t">PERI</subfield>
      <subfield code="u">6/22/2009</subfield>
    </datafield>
    <datafield tag="999" ind1=" " ind2=" ">
      <subfield code="a">505 .S416 V.323:NO.5919-5922 2009</subfield>
      <subfield code="w">DEWEYPER</subfield>
      <subfield code="c">5</subfield>
      <subfield code="i">36105123116308</subfield>
      <subfield code="d">8/7/2009</subfield>
      <subfield code="e">6/25/2009</subfield>
      <subfield code="l">SHELBYTITL</subfield>
      <subfield code="m">BIOLOGY</subfield>
      <subfield code="n">1</subfield>
      <subfield code="q">1</subfield>
      <subfield code="r">Y</subfield>
      <subfield code="s">Y</subfield>
      <subfield code="t">PERI</subfield>
      <subfield code="u">6/22/2009</subfield>
    </datafield>
    <datafield tag="999" ind1=" " ind2=" ">
      <subfield code="a">505 .S416 V.323:NO.5915-5918 2009</subfield>
      <subfield code="w">DEWEYPER</subfield>
      <subfield code="c">5</subfield>
      <subfield code="i">36105123116316</subfield>
      <subfield code="d">8/4/2009</subfield>
      <subfield code="e">6/25/2009</subfield>
      <subfield code="l">SHELBYTITL</subfield>
      <subfield code="m">BIOLOGY</subfield>
      <subfield code="n">1</subfield>
      <subfield code="r">Y</subfield>
      <subfield code="s">Y</subfield>
      <subfield code="t">PERI</subfield>
      <subfield code="u">6/22/2009</subfield>
    </datafield>
    <datafield tag="999" ind1=" " ind2=" ">
      <subfield code="a">505 .S416 V.323:NO.5910-5914 2009</subfield>
      <subfield code="w">DEWEYPER</subfield>
      <subfield code="c">5</subfield>
      <subfield code="i">36105123116324</subfield>
      <subfield code="d">8/4/2009</subfield>
      <subfield code="e">6/25/2009</subfield>
      <subfield code="l">SHELBYTITL</subfield>
      <subfield code="m">BIOLOGY</subfield>
      <subfield code="n">1</subfield>
      <subfield code="q">1</subfield>
      <subfield code="r">Y</subfield>
      <subfield code="s">Y</subfield>
      <subfield code="t">PERI</subfield>
      <subfield code="u">6/22/2009</subfield>
    </datafield>
    <datafield tag="999" ind1=" " ind2=" ">
      <subfield code="a">Q1 .S34 V.324:NO.5933 2009:JUNE12</subfield>
      <subfield code="w">LCPER</subfield>
      <subfield code="c">1</subfield>
      <subfield code="i">36105132433736</subfield>
      <subfield code="l">STACKS</subfield>
      <subfield code="m">EARTH-SCI</subfield>
      <subfield code="p">$125.00</subfield>
      <subfield code="r">Y</subfield>
      <subfield code="s">Y</subfield>
      <subfield code="t">PERIUNBND</subfield>
      <subfield code="u">6/22/2009</subfield>
      <subfield code="z">TAX=8.25</subfield>
    </datafield>
    <datafield tag="999" ind1=" " ind2=" ">
      <subfield code="a">Q1 .S34 V.324:P.557-1228 2009</subfield>
      <subfield code="w">LCPER</subfield>
      <subfield code="c">1</subfield>
      <subfield code="i">36105123661428</subfield>
      <subfield code="d">8/27/2009</subfield>
      <subfield code="e">6/23/2009</subfield>
      <subfield code="l">SHELBYTITL</subfield>
      <subfield code="m">CHEMCHMENG</subfield>
      <subfield code="n">1</subfield>
      <subfield code="q">3</subfield>
      <subfield code="r">Y</subfield>
      <subfield code="s">Y</subfield>
      <subfield code="t">PERI2</subfield>
      <subfield code="u">6/23/2009</subfield>
    </datafield>
    <datafield tag="999" ind1=" " ind2=" ">
      <subfield code="a">Q1 .S34 V.324:NO.5934 2009:JUNE19</subfield>
      <subfield code="w">LCPER</subfield>
      <subfield code="c">1</subfield>
      <subfield code="i">36105132434908</subfield>
      <subfield code="l">STACKS</subfield>
      <subfield code="m">EARTH-SCI</subfield>
      <subfield code="p">$125.00</subfield>
      <subfield code="r">Y</subfield>
      <subfield code="s">Y</subfield>
      <subfield code="t">PERIUNBND</subfield>
      <subfield code="u">6/29/2009</subfield>
      <subfield code="z">TAX=8.25</subfield>
    </datafield>
    <datafield tag="999" ind1=" " ind2=" ">
      <subfield code="a">Q1 .S34 V.320:NO.5876-5884 2008:MAY-JUN</subfield>
      <subfield code="w">LCPER</subfield>
      <subfield code="c">1</subfield>
      <subfield code="i">36105131892239</subfield>
      <subfield code="d">9/18/2008</subfield>
      <subfield code="e">8/20/2008</subfield>
      <subfield code="l">STACKS</subfield>
      <subfield code="m">SAL3</subfield>
      <subfield code="n">1</subfield>
      <subfield code="q">3</subfield>
      <subfield code="r">Y</subfield>
      <subfield code="s">Y</subfield>
      <subfield code="t">STKS-PERI</subfield>
      <subfield code="u">8/20/2008</subfield>
      <subfield code="o">.TECHSTAFF. tf:ENG 06/29/09 batch</subfield>
    </datafield>
    <datafield tag="999" ind1=" " ind2=" ">
      <subfield code="a">Q1 .S34 V.321-322:NO.5894-5902 2008:SEP</subfield>
      <subfield code="w">LCPER</subfield>
      <subfield code="c">1</subfield>
      <subfield code="i">36105131897527</subfield>
      <subfield code="d">4/21/2009</subfield>
      <subfield code="e">3/12/2009</subfield>
      <subfield code="l">STACKS</subfield>
      <subfield code="m">SAL3</subfield>
      <subfield code="n">1</subfield>
      <subfield code="q">4</subfield>
      <subfield code="r">Y</subfield>
      <subfield code="s">Y</subfield>
      <subfield code="t">STKS-PERI</subfield>
      <subfield code="u">3/12/2009</subfield>
      <subfield code="o">.TECHSTAFF. tf:ENG 06/29/09 batch</subfield>
    </datafield>
    <datafield tag="999" ind1=" " ind2=" ">
      <subfield code="a">Q1 .S34 V.321:NO.5885-5893 2008:JUL.-AU</subfield>
      <subfield code="w">LCPER</subfield>
      <subfield code="c">11</subfield>
      <subfield code="i">36105131894151</subfield>
      <subfield code="d">11/10/2008</subfield>
      <subfield code="e">10/9/2008</subfield>
      <subfield code="l">STACKS</subfield>
      <subfield code="m">SAL3</subfield>
      <subfield code="n">1</subfield>
      <subfield code="p">$40.00</subfield>
      <subfield code="r">Y</subfield>
      <subfield code="s">Y</subfield>
      <subfield code="t">STKS-PERI</subfield>
      <subfield code="u">3/12/2001</subfield>
      <subfield code="o">.TECHSTAFF. tf:ENG 06/29/09 batch</subfield>
    </datafield>
    <datafield tag="999" ind1=" " ind2=" ">
      <subfield code="a">Q1 .S34 V.322:NO.5903-5909 2008:NOV.-DE</subfield>
      <subfield code="w">LCPER</subfield>
      <subfield code="c">1</subfield>
      <subfield code="i">36105131897535</subfield>
      <subfield code="d">4/21/2009</subfield>
      <subfield code="e">3/12/2009</subfield>
      <subfield code="l">STACKS</subfield>
      <subfield code="m">SAL3</subfield>
      <subfield code="n">1</subfield>
      <subfield code="q">2</subfield>
      <subfield code="r">Y</subfield>
      <subfield code="s">Y</subfield>
      <subfield code="t">STKS-PERI</subfield>
      <subfield code="u">3/12/2009</subfield>
      <subfield code="o">.TECHSTAFF. tf:ENG 06/29/09 batch</subfield>
    </datafield>
    <datafield tag="999" ind1=" " ind2=" ">
      <subfield code="a">Q1 .S34 V.324:NO.5935 2009:JUNE26</subfield>
      <subfield code="w">LCPER</subfield>
      <subfield code="c">1</subfield>
      <subfield code="i">36105132435020</subfield>
      <subfield code="l">STACKS</subfield>
      <subfield code="m">EARTH-SCI</subfield>
      <subfield code="p">$125.00</subfield>
      <subfield code="r">Y</subfield>
      <subfield code="s">Y</subfield>
      <subfield code="t">PERIUNBND</subfield>
      <subfield code="u">7/7/2009</subfield>
      <subfield code="z">TAX=8.25</subfield>
    </datafield>
    <datafield tag="999" ind1=" " ind2=" ">
      <subfield code="a">Q1 .S34 V.324:NO.5936 2009:JULY3</subfield>
      <subfield code="w">LCPER</subfield>
      <subfield code="c">1</subfield>
      <subfield code="i">36105132428280</subfield>
      <subfield code="l">STACKS</subfield>
      <subfield code="m">EARTH-SCI</subfield>
      <subfield code="p">$125.00</subfield>
      <subfield code="r">Y</subfield>
      <subfield code="s">Y</subfield>
      <subfield code="t">PERIUNBND</subfield>
      <subfield code="u">7/9/2009</subfield>
      <subfield code="z">TAX=8.25</subfield>
    </datafield>
    <datafield tag="999" ind1=" " ind2=" ">
      <subfield code="a">Q1 .S34 V.324:NO.5931 2009:MAY29</subfield>
      <subfield code="w">LCPER</subfield>
      <subfield code="c">1</subfield>
      <subfield code="i">36105132435079</subfield>
      <subfield code="l">STACKS</subfield>
      <subfield code="m">EARTH-SCI</subfield>
      <subfield code="p">$125.00</subfield>
      <subfield code="r">Y</subfield>
      <subfield code="s">Y</subfield>
      <subfield code="t">PERIUNBND</subfield>
      <subfield code="u">7/14/2009</subfield>
      <subfield code="z">TAX=8.25</subfield>
    </datafield>
    <datafield tag="999" ind1=" " ind2=" ">
      <subfield code="a">Q1 .S34 V.325:NO.5937 2009:JULY10</subfield>
      <subfield code="w">LCPER</subfield>
      <subfield code="c">1</subfield>
      <subfield code="i">36105132435574</subfield>
      <subfield code="l">STACKS</subfield>
      <subfield code="m">EARTH-SCI</subfield>
      <subfield code="p">$125.00</subfield>
      <subfield code="r">Y</subfield>
      <subfield code="s">Y</subfield>
      <subfield code="t">PERIUNBND</subfield>
      <subfield code="u">7/21/2009</subfield>
      <subfield code="z">TAX=8.25</subfield>
    </datafield>
    <datafield tag="999" ind1=" " ind2=" ">
      <subfield code="a">Q1 .S34 V.207 1980</subfield>
      <subfield code="w">LCPER</subfield>
      <subfield code="c">1</subfield>
      <subfield code="i">3195846-3423001</subfield>
      <subfield code="l">SHELBYTITL</subfield>
      <subfield code="m">HOPKINS</subfield>
      <subfield code="r">Y</subfield>
      <subfield code="s">Y</subfield>
      <subfield code="t">PERI</subfield>
      <subfield code="u">7/23/2009</subfield>
    </datafield>
    <datafield tag="999" ind1=" " ind2=" ">
      <subfield code="a">Q1 .S34 V.207 1980</subfield>
      <subfield code="w">LCPER</subfield>
      <subfield code="c">1</subfield>
      <subfield code="i">3195846-3424001</subfield>
      <subfield code="l">SHELBYTITL</subfield>
      <subfield code="m">HOPKINS</subfield>
      <subfield code="r">Y</subfield>
      <subfield code="s">Y</subfield>
      <subfield code="t">PERI</subfield>
      <subfield code="u">7/23/2009</subfield>
    </datafield>
    <datafield tag="999" ind1=" " ind2=" ">
      <subfield code="a">Q1 .S34 V.323:NO.5919-5926 2009</subfield>
      <subfield code="w">LCPER</subfield>
      <subfield code="c">1</subfield>
      <subfield code="i">36105024553013</subfield>
      <subfield code="l">SHELBYTITL</subfield>
      <subfield code="m">HOPKINS</subfield>
      <subfield code="n">10</subfield>
      <subfield code="r">Y</subfield>
      <subfield code="s">Y</subfield>
      <subfield code="t">PERI</subfield>
      <subfield code="u">7/23/2009</subfield>
    </datafield>
    <datafield tag="999" ind1=" " ind2=" ">
      <subfield code="a">Q1 .S34 V.325:NO.5938 2009:JULY17</subfield>
      <subfield code="w">LCPER</subfield>
      <subfield code="c">1</subfield>
      <subfield code="i">36105132435624</subfield>
      <subfield code="l">STACKS</subfield>
      <subfield code="m">EARTH-SCI</subfield>
      <subfield code="p">$125.00</subfield>
      <subfield code="r">Y</subfield>
      <subfield code="s">Y</subfield>
      <subfield code="t">PERIUNBND</subfield>
      <subfield code="u">7/27/2009</subfield>
      <subfield code="z">TAX=8.25</subfield>
    </datafield>
    <datafield tag="999" ind1=" " ind2=" ">
      <subfield code="a">505 .S416 V.324:NO.5932-5935 2009</subfield>
      <subfield code="w">DEWEYPER</subfield>
      <subfield code="c">5</subfield>
      <subfield code="i">36105123118320</subfield>
      <subfield code="d">9/4/2009</subfield>
      <subfield code="e">7/29/2009</subfield>
      <subfield code="l">SHELBYTITL</subfield>
      <subfield code="m">BIOLOGY</subfield>
      <subfield code="n">1</subfield>
      <subfield code="q">3</subfield>
      <subfield code="r">Y</subfield>
      <subfield code="s">Y</subfield>
      <subfield code="t">PERI</subfield>
      <subfield code="u">7/29/2009</subfield>
    </datafield>
    <datafield tag="999" ind1=" " ind2=" ">
      <subfield code="a">Q1 .S34 V.325:NO.5940 2009:JULY31</subfield>
      <subfield code="w">LCPER</subfield>
      <subfield code="c">1</subfield>
      <subfield code="i">36105132435822</subfield>
      <subfield code="l">STACKS</subfield>
      <subfield code="m">EARTH-SCI</subfield>
      <subfield code="p">$125.00</subfield>
      <subfield code="r">Y</subfield>
      <subfield code="s">Y</subfield>
      <subfield code="t">PERIUNBND</subfield>
      <subfield code="u">8/10/2009</subfield>
      <subfield code="z">TAX=8.25</subfield>
    </datafield>
    <datafield tag="999" ind1=" " ind2=" ">
      <subfield code="a">Q1 .S34 V.324:P.1229-1754 2009</subfield>
      <subfield code="w">LCPER</subfield>
      <subfield code="c">1</subfield>
      <subfield code="i">36105123662053</subfield>
      <subfield code="d">6/3/2010</subfield>
      <subfield code="e">5/20/2010</subfield>
      <subfield code="l">SHELBYTITL</subfield>
      <subfield code="m">CHEMCHMENG</subfield>
      <subfield code="n">1</subfield>
      <subfield code="r">Y</subfield>
      <subfield code="s">Y</subfield>
      <subfield code="t">PERI2</subfield>
      <subfield code="u">8/11/2009</subfield>
      <subfield code="z">DIGI-SENT</subfield>
    </datafield>
    <datafield tag="999" ind1=" " ind2=" ">
      <subfield code="a">Q1 .S34 V.325:NO.5942 2009:AUG.14</subfield>
      <subfield code="w">LCPER</subfield>
      <subfield code="c">1</subfield>
      <subfield code="i">36105132437745</subfield>
      <subfield code="l">STACKS</subfield>
      <subfield code="m">EARTH-SCI</subfield>
      <subfield code="p">$125.00</subfield>
      <subfield code="r">Y</subfield>
      <subfield code="s">Y</subfield>
      <subfield code="t">PERIUNBND</subfield>
      <subfield code="u">8/25/2009</subfield>
      <subfield code="z">TAX=8.25</subfield>
    </datafield>
    <datafield tag="999" ind1=" " ind2=" ">
      <subfield code="a">Q1 .S34 V.325:NO.5939 2009:JULY24</subfield>
      <subfield code="w">LCPER</subfield>
      <subfield code="c">1</subfield>
      <subfield code="i">36105132437752</subfield>
      <subfield code="l">STACKS</subfield>
      <subfield code="m">EARTH-SCI</subfield>
      <subfield code="p">$125.00</subfield>
      <subfield code="r">Y</subfield>
      <subfield code="s">Y</subfield>
      <subfield code="t">PERIUNBND</subfield>
      <subfield code="u">8/27/2009</subfield>
      <subfield code="z">TAX=8.25</subfield>
    </datafield>
    <datafield tag="999" ind1=" " ind2=" ">
      <subfield code="a">Q1 .S34 V.325:NO.5943 2009:AUG.21</subfield>
      <subfield code="w">LCPER</subfield>
      <subfield code="c">1</subfield>
      <subfield code="i">36105132437786</subfield>
      <subfield code="d">10/13/2009</subfield>
      <subfield code="l">STACKS</subfield>
      <subfield code="m">EARTH-SCI</subfield>
      <subfield code="p">$125.00</subfield>
      <subfield code="q">1</subfield>
      <subfield code="r">Y</subfield>
      <subfield code="s">Y</subfield>
      <subfield code="t">PERIUNBND</subfield>
      <subfield code="u">9/1/2009</subfield>
      <subfield code="z">TAX=8.25</subfield>
    </datafield>
    <datafield tag="999" ind1=" " ind2=" ">
      <subfield code="a">Q1 .S34 V.325:NO.5944  2009:AUG.28</subfield>
      <subfield code="w">LCPER</subfield>
      <subfield code="c">1</subfield>
      <subfield code="i">36105131907011</subfield>
      <subfield code="l">STACKS</subfield>
      <subfield code="m">EARTH-SCI</subfield>
      <subfield code="p">$125.00</subfield>
      <subfield code="r">Y</subfield>
      <subfield code="s">Y</subfield>
      <subfield code="t">PERIUNBND</subfield>
      <subfield code="u">9/8/2009</subfield>
      <subfield code="z">TAX=8.25</subfield>
    </datafield>
    <datafield tag="999" ind1=" " ind2=" ">
      <subfield code="a">Q1 .S34 V.325:NO.5941 2009:AUG.7</subfield>
      <subfield code="w">LCPER</subfield>
      <subfield code="c">1</subfield>
      <subfield code="i">36105132437893</subfield>
      <subfield code="l">STACKS</subfield>
      <subfield code="m">EARTH-SCI</subfield>
      <subfield code="p">$125.00</subfield>
      <subfield code="r">Y</subfield>
      <subfield code="s">Y</subfield>
      <subfield code="t">PERIUNBND</subfield>
      <subfield code="u">9/16/2009</subfield>
      <subfield code="z">TAX=8.25</subfield>
    </datafield>
    <datafield tag="999" ind1=" " ind2=" ">
      <subfield code="a">Q1 .S34 V.325:NO.5946 2009:SEPT.11</subfield>
      <subfield code="w">LCPER</subfield>
      <subfield code="c">1</subfield>
      <subfield code="i">36105129093766</subfield>
      <subfield code="d">10/13/2009</subfield>
      <subfield code="l">STACKS</subfield>
      <subfield code="m">EARTH-SCI</subfield>
      <subfield code="p">$125.00</subfield>
      <subfield code="q">1</subfield>
      <subfield code="r">Y</subfield>
      <subfield code="s">Y</subfield>
      <subfield code="t">PERIUNBND</subfield>
      <subfield code="u">10/1/2009</subfield>
      <subfield code="z">TAX=8.25</subfield>
    </datafield>
    <datafield tag="999" ind1=" " ind2=" ">
      <subfield code="a">Q1 .S34 V.325:NO.5947 2009:SEPT.18</subfield>
      <subfield code="w">LCPER</subfield>
      <subfield code="c">1</subfield>
      <subfield code="i">36105132444048</subfield>
      <subfield code="l">STACKS</subfield>
      <subfield code="m">EARTH-SCI</subfield>
      <subfield code="p">$125.00</subfield>
      <subfield code="r">Y</subfield>
      <subfield code="s">Y</subfield>
      <subfield code="t">PERIUNBND</subfield>
      <subfield code="u">10/6/2009</subfield>
      <subfield code="z">TAX=8.25</subfield>
    </datafield>
    <datafield tag="999" ind1=" " ind2=" ">
      <subfield code="a">Q1 .S34 V.326:NO.5949 2009:OCT.2</subfield>
      <subfield code="w">LCPER</subfield>
      <subfield code="c">1</subfield>
      <subfield code="i">36105132444154</subfield>
      <subfield code="l">STACKS</subfield>
      <subfield code="m">EARTH-SCI</subfield>
      <subfield code="p">$125.00</subfield>
      <subfield code="r">Y</subfield>
      <subfield code="s">Y</subfield>
      <subfield code="t">PERIUNBND</subfield>
      <subfield code="u">10/20/2009</subfield>
      <subfield code="z">TAX=8.25</subfield>
    </datafield>
    <datafield tag="999" ind1=" " ind2=" ">
      <subfield code="a">Q1 .S34 V.40 1914</subfield>
      <subfield code="w">LCPER</subfield>
      <subfield code="c">4</subfield>
      <subfield code="i">36105000874847</subfield>
      <subfield code="d">8/9/1996</subfield>
      <subfield code="l">SHELBYTITL</subfield>
      <subfield code="m">BIOLOGY</subfield>
      <subfield code="p">$40.00</subfield>
      <subfield code="r">Y</subfield>
      <subfield code="s">Y</subfield>
      <subfield code="t">PERI</subfield>
      <subfield code="u">2/25/1991</subfield>
      <subfield code="o">.TECHSTAFF. tf:PHYSICS 11/07/09 batch</subfield>
      <subfield code="o">.TECHSTAFF. #16/r:bpk/i:bpk</subfield>
    </datafield>
    <datafield tag="999" ind1=" " ind2=" ">
      <subfield code="a">Q1 .S34 V.39 1914</subfield>
      <subfield code="w">LCPER</subfield>
      <subfield code="c">4</subfield>
      <subfield code="i">36105000935754</subfield>
      <subfield code="d">8/9/1996</subfield>
      <subfield code="l">SHELBYTITL</subfield>
      <subfield code="m">BIOLOGY</subfield>
      <subfield code="p">$40.00</subfield>
      <subfield code="r">Y</subfield>
      <subfield code="s">Y</subfield>
      <subfield code="t">PERI</subfield>
      <subfield code="u">2/25/1991</subfield>
      <subfield code="o">.TECHSTAFF. tf:PHYSICS 11/07/09 batch</subfield>
      <subfield code="o">.TECHSTAFF. #16/r:bpk/i:bpk</subfield>
    </datafield>
    <datafield tag="999" ind1=" " ind2=" ">
      <subfield code="a">Q1 .S34 V.38 1913</subfield>
      <subfield code="w">LCPER</subfield>
      <subfield code="c">4</subfield>
      <subfield code="i">36105000935747</subfield>
      <subfield code="d">8/9/1996</subfield>
      <subfield code="l">SHELBYTITL</subfield>
      <subfield code="m">BIOLOGY</subfield>
      <subfield code="p">$40.00</subfield>
      <subfield code="r">Y</subfield>
      <subfield code="s">Y</subfield>
      <subfield code="t">PERI</subfield>
      <subfield code="u">2/25/1991</subfield>
      <subfield code="o">.TECHSTAFF. tf:PHYSICS 11/07/09 batch</subfield>
      <subfield code="o">.TECHSTAFF. #16/r:bpk/i:bpk</subfield>
    </datafield>
    <datafield tag="999" ind1=" " ind2=" ">
      <subfield code="a">Q1 .S34 V.37 1913</subfield>
      <subfield code="w">LCPER</subfield>
      <subfield code="c">4</subfield>
      <subfield code="i">36105000935739</subfield>
      <subfield code="d">8/9/1996</subfield>
      <subfield code="l">SHELBYTITL</subfield>
      <subfield code="m">BIOLOGY</subfield>
      <subfield code="p">$40.00</subfield>
      <subfield code="r">Y</subfield>
      <subfield code="s">Y</subfield>
      <subfield code="t">PERI</subfield>
      <subfield code="u">2/25/1991</subfield>
      <subfield code="o">.TECHSTAFF. tf:PHYSICS 11/07/09 batch</subfield>
      <subfield code="o">.TECHSTAFF. #16/r:bpk/i:bpk</subfield>
    </datafield>
    <datafield tag="999" ind1=" " ind2=" ">
      <subfield code="a">Q1 .S34 V.36 1912</subfield>
      <subfield code="w">LCPER</subfield>
      <subfield code="c">4</subfield>
      <subfield code="i">36105000935721</subfield>
      <subfield code="d">8/9/1996</subfield>
      <subfield code="l">SHELBYTITL</subfield>
      <subfield code="m">BIOLOGY</subfield>
      <subfield code="p">$40.00</subfield>
      <subfield code="r">Y</subfield>
      <subfield code="s">Y</subfield>
      <subfield code="t">PERI</subfield>
      <subfield code="u">2/25/1991</subfield>
      <subfield code="o">.TECHSTAFF. tf:PHYSICS 11/07/09 batch</subfield>
      <subfield code="o">.TECHSTAFF. #16/r:bpk/i:bpk</subfield>
    </datafield>
    <datafield tag="999" ind1=" " ind2=" ">
      <subfield code="a">Q1 .S34 V.35 1912</subfield>
      <subfield code="w">LCPER</subfield>
      <subfield code="c">4</subfield>
      <subfield code="i">36105000935713</subfield>
      <subfield code="d">8/9/1996</subfield>
      <subfield code="l">SHELBYTITL</subfield>
      <subfield code="m">BIOLOGY</subfield>
      <subfield code="p">$40.00</subfield>
      <subfield code="r">Y</subfield>
      <subfield code="s">Y</subfield>
      <subfield code="t">PERI</subfield>
      <subfield code="u">2/25/1991</subfield>
      <subfield code="o">.TECHSTAFF. tf:PHYSICS 11/07/09 batch</subfield>
      <subfield code="o">.TECHSTAFF. #16/r:bpk/i:bpk</subfield>
    </datafield>
    <datafield tag="999" ind1=" " ind2=" ">
      <subfield code="a">Q1 .S34 V.34 1911</subfield>
      <subfield code="w">LCPER</subfield>
      <subfield code="c">4</subfield>
      <subfield code="i">36105000935705</subfield>
      <subfield code="d">8/9/1996</subfield>
      <subfield code="l">SHELBYTITL</subfield>
      <subfield code="m">BIOLOGY</subfield>
      <subfield code="p">$40.00</subfield>
      <subfield code="r">Y</subfield>
      <subfield code="s">Y</subfield>
      <subfield code="t">PERI</subfield>
      <subfield code="u">2/25/1991</subfield>
      <subfield code="o">.TECHSTAFF. tf:PHYSICS 11/07/09 batch</subfield>
      <subfield code="o">.TECHSTAFF. #16/r:bpk/i:bpk</subfield>
    </datafield>
    <datafield tag="999" ind1=" " ind2=" ">
      <subfield code="a">Q1 .S34 V.33 1911</subfield>
      <subfield code="w">LCPER</subfield>
      <subfield code="c">4</subfield>
      <subfield code="i">36105000935697</subfield>
      <subfield code="d">8/9/1996</subfield>
      <subfield code="l">SHELBYTITL</subfield>
      <subfield code="m">BIOLOGY</subfield>
      <subfield code="p">$40.00</subfield>
      <subfield code="r">Y</subfield>
      <subfield code="s">Y</subfield>
      <subfield code="t">PERI</subfield>
      <subfield code="u">2/25/1991</subfield>
      <subfield code="o">.TECHSTAFF. tf:PHYSICS 11/07/09 batch</subfield>
      <subfield code="o">.TECHSTAFF. #16/r:bpk/i:bpk</subfield>
    </datafield>
    <datafield tag="999" ind1=" " ind2=" ">
      <subfield code="a">Q1 .S34 V.32 1910</subfield>
      <subfield code="w">LCPER</subfield>
      <subfield code="c">4</subfield>
      <subfield code="i">36105000935689</subfield>
      <subfield code="d">8/9/1996</subfield>
      <subfield code="l">SHELBYTITL</subfield>
      <subfield code="m">BIOLOGY</subfield>
      <subfield code="p">$40.00</subfield>
      <subfield code="r">Y</subfield>
      <subfield code="s">Y</subfield>
      <subfield code="t">PERI</subfield>
      <subfield code="u">2/25/1991</subfield>
      <subfield code="o">.TECHSTAFF. tf:PHYSICS 11/07/09 batch</subfield>
      <subfield code="o">.TECHSTAFF. #16/r:bpk/i:bpk</subfield>
    </datafield>
    <datafield tag="999" ind1=" " ind2=" ">
      <subfield code="a">Q1 .S34 V.31 1910</subfield>
      <subfield code="w">LCPER</subfield>
      <subfield code="c">4</subfield>
      <subfield code="i">36105000935671</subfield>
      <subfield code="d">8/8/1995</subfield>
      <subfield code="e">8/8/1995</subfield>
      <subfield code="l">SHELBYTITL</subfield>
      <subfield code="m">BIOLOGY</subfield>
      <subfield code="p">$40.00</subfield>
      <subfield code="q">3</subfield>
      <subfield code="r">Y</subfield>
      <subfield code="s">Y</subfield>
      <subfield code="t">PERI</subfield>
      <subfield code="u">2/25/1991</subfield>
      <subfield code="o">.TECHSTAFF. tf:PHYSICS 11/07/09 batch</subfield>
      <subfield code="o">.TECHSTAFF. #16/r:bpk/i:bpk</subfield>
    </datafield>
    <datafield tag="999" ind1=" " ind2=" ">
      <subfield code="a">Q1 .S34 V.30 1909</subfield>
      <subfield code="w">LCPER</subfield>
      <subfield code="c">4</subfield>
      <subfield code="i">36105000935663</subfield>
      <subfield code="d">8/8/1995</subfield>
      <subfield code="e">8/8/1995</subfield>
      <subfield code="l">SHELBYTITL</subfield>
      <subfield code="m">BIOLOGY</subfield>
      <subfield code="p">$40.00</subfield>
      <subfield code="q">2</subfield>
      <subfield code="r">Y</subfield>
      <subfield code="s">Y</subfield>
      <subfield code="t">PERI</subfield>
      <subfield code="u">2/25/1991</subfield>
      <subfield code="o">.TECHSTAFF. tf:PHYSICS 11/07/09 batch</subfield>
      <subfield code="o">.TECHSTAFF. #16/r:bpk/i:bpk</subfield>
    </datafield>
    <datafield tag="999" ind1=" " ind2=" ">
      <subfield code="a">Q1 .S34 V.29 1909</subfield>
      <subfield code="w">LCPER</subfield>
      <subfield code="c">4</subfield>
      <subfield code="i">36105000935655</subfield>
      <subfield code="d">8/9/1996</subfield>
      <subfield code="l">SHELBYTITL</subfield>
      <subfield code="m">BIOLOGY</subfield>
      <subfield code="p">$40.00</subfield>
      <subfield code="r">Y</subfield>
      <subfield code="s">Y</subfield>
      <subfield code="t">PERI</subfield>
      <subfield code="u">2/25/1991</subfield>
      <subfield code="o">.TECHSTAFF. tf:PHYSICS 11/07/09 batch</subfield>
      <subfield code="o">.TECHSTAFF. #16/r:bpk/i:bpk</subfield>
    </datafield>
    <datafield tag="999" ind1=" " ind2=" ">
      <subfield code="a">Q1 .S34 V.28 1908</subfield>
      <subfield code="w">LCPER</subfield>
      <subfield code="c">4</subfield>
      <subfield code="i">36105000935648</subfield>
      <subfield code="d">8/24/1999</subfield>
      <subfield code="e">8/23/1999</subfield>
      <subfield code="l">SHELBYTITL</subfield>
      <subfield code="m">BIOLOGY</subfield>
      <subfield code="n">2</subfield>
      <subfield code="p">$40.00</subfield>
      <subfield code="q">10</subfield>
      <subfield code="r">Y</subfield>
      <subfield code="s">Y</subfield>
      <subfield code="t">PERI</subfield>
      <subfield code="u">2/25/1991</subfield>
      <subfield code="o">.TECHSTAFF. tf:PHYSICS 11/07/09 batch</subfield>
      <subfield code="o">.TECHSTAFF. #16/r:bpk/i:bpk</subfield>
    </datafield>
    <datafield tag="999" ind1=" " ind2=" ">
      <subfield code="a">Q1 .S34 V.27 1908</subfield>
      <subfield code="w">LCPER</subfield>
      <subfield code="c">4</subfield>
      <subfield code="i">36105000935630</subfield>
      <subfield code="d">8/9/1996</subfield>
      <subfield code="l">SHELBYTITL</subfield>
      <subfield code="m">BIOLOGY</subfield>
      <subfield code="p">$40.00</subfield>
      <subfield code="r">Y</subfield>
      <subfield code="s">Y</subfield>
      <subfield code="t">PERI</subfield>
      <subfield code="u">2/25/1991</subfield>
      <subfield code="o">.TECHSTAFF. tf:PHYSICS 11/07/09 batch</subfield>
      <subfield code="o">.TECHSTAFF. #16/r:bpk/i:bpk</subfield>
    </datafield>
    <datafield tag="999" ind1=" " ind2=" ">
      <subfield code="a">Q1 .S34 V.26 1907</subfield>
      <subfield code="w">LCPER</subfield>
      <subfield code="c">4</subfield>
      <subfield code="i">36105000935622</subfield>
      <subfield code="d">8/9/1996</subfield>
      <subfield code="l">SHELBYTITL</subfield>
      <subfield code="m">BIOLOGY</subfield>
      <subfield code="p">$40.00</subfield>
      <subfield code="r">Y</subfield>
      <subfield code="s">Y</subfield>
      <subfield code="t">PERI</subfield>
      <subfield code="u">2/25/1991</subfield>
      <subfield code="o">.TECHSTAFF. tf:PHYSICS 11/07/09 batch</subfield>
      <subfield code="o">.TECHSTAFF. #16/r:bpk/i:bpk</subfield>
    </datafield>
    <datafield tag="999" ind1=" " ind2=" ">
      <subfield code="a">Q1 .S34 V.25 1907</subfield>
      <subfield code="w">LCPER</subfield>
      <subfield code="c">4</subfield>
      <subfield code="i">36105000935614</subfield>
      <subfield code="d">4/25/1994</subfield>
      <subfield code="e">4/25/1994</subfield>
      <subfield code="l">SHELBYTITL</subfield>
      <subfield code="m">BIOLOGY</subfield>
      <subfield code="p">$40.00</subfield>
      <subfield code="q">2</subfield>
      <subfield code="r">Y</subfield>
      <subfield code="s">Y</subfield>
      <subfield code="t">PERI</subfield>
      <subfield code="u">2/25/1991</subfield>
      <subfield code="o">.TECHSTAFF. tf:PHYSICS 11/07/09 batch</subfield>
      <subfield code="o">.TECHSTAFF. #16/r:bpk/i:bpk</subfield>
    </datafield>
    <datafield tag="999" ind1=" " ind2=" ">
      <subfield code="a">Q1 .S34 V.24 1906</subfield>
      <subfield code="w">LCPER</subfield>
      <subfield code="c">4</subfield>
      <subfield code="i">36105000935606</subfield>
      <subfield code="d">8/9/1996</subfield>
      <subfield code="l">SHELBYTITL</subfield>
      <subfield code="m">BIOLOGY</subfield>
      <subfield code="p">$40.00</subfield>
      <subfield code="r">Y</subfield>
      <subfield code="s">Y</subfield>
      <subfield code="t">PERI</subfield>
      <subfield code="u">2/25/1991</subfield>
      <subfield code="o">.TECHSTAFF. tf:PHYSICS 11/07/09 batch</subfield>
      <subfield code="o">.TECHSTAFF. #16/r:bpk/i:bpk</subfield>
    </datafield>
    <datafield tag="999" ind1=" " ind2=" ">
      <subfield code="a">Q1 .S34 V.23 1906</subfield>
      <subfield code="w">LCPER</subfield>
      <subfield code="c">4</subfield>
      <subfield code="i">36105000874854</subfield>
      <subfield code="d">8/9/1996</subfield>
      <subfield code="l">SHELBYTITL</subfield>
      <subfield code="m">BIOLOGY</subfield>
      <subfield code="p">$40.00</subfield>
      <subfield code="r">Y</subfield>
      <subfield code="s">Y</subfield>
      <subfield code="t">PERI</subfield>
      <subfield code="u">2/25/1991</subfield>
      <subfield code="o">.TECHSTAFF. tf:PHYSICS 11/07/09 batch</subfield>
      <subfield code="o">.TECHSTAFF. #16/r:bpk/i:bpk</subfield>
    </datafield>
    <datafield tag="999" ind1=" " ind2=" ">
      <subfield code="a">Q1 .S34 V.22 1905</subfield>
      <subfield code="w">LCPER</subfield>
      <subfield code="c">4</subfield>
      <subfield code="i">36105000935598</subfield>
      <subfield code="d">7/17/2006</subfield>
      <subfield code="e">7/13/2006</subfield>
      <subfield code="l">SHELBYTITL</subfield>
      <subfield code="m">BIOLOGY</subfield>
      <subfield code="p">$40.00</subfield>
      <subfield code="r">Y</subfield>
      <subfield code="s">Y</subfield>
      <subfield code="t">PERI</subfield>
      <subfield code="u">2/25/1991</subfield>
      <subfield code="z">DIGI-SENT</subfield>
      <subfield code="o">.TECHSTAFF. tf:PHYSICS 11/07/09 batch</subfield>
      <subfield code="o">.TECHSTAFF. #16/r:bpk/i:bpk</subfield>
    </datafield>
    <datafield tag="999" ind1=" " ind2=" ">
      <subfield code="a">Q1 .S34 V.21 1905</subfield>
      <subfield code="w">LCPER</subfield>
      <subfield code="c">4</subfield>
      <subfield code="i">36105000935580</subfield>
      <subfield code="d">8/9/1996</subfield>
      <subfield code="l">SHELBYTITL</subfield>
      <subfield code="m">BIOLOGY</subfield>
      <subfield code="p">$40.00</subfield>
      <subfield code="r">Y</subfield>
      <subfield code="s">Y</subfield>
      <subfield code="t">PERI</subfield>
      <subfield code="u">2/25/1991</subfield>
      <subfield code="o">.TECHSTAFF. tf:PHYSICS 11/07/09 batch</subfield>
      <subfield code="o">.TECHSTAFF. #16/r:bpk/i:bpk</subfield>
    </datafield>
    <datafield tag="999" ind1=" " ind2=" ">
      <subfield code="a">Q1 .S34 V.20 1904</subfield>
      <subfield code="w">LCPER</subfield>
      <subfield code="c">4</subfield>
      <subfield code="i">36105000935572</subfield>
      <subfield code="d">8/9/1996</subfield>
      <subfield code="l">SHELBYTITL</subfield>
      <subfield code="m">BIOLOGY</subfield>
      <subfield code="p">$40.00</subfield>
      <subfield code="r">Y</subfield>
      <subfield code="s">Y</subfield>
      <subfield code="t">PERI</subfield>
      <subfield code="u">2/25/1991</subfield>
      <subfield code="o">.TECHSTAFF. tf:PHYSICS 11/07/09 batch</subfield>
      <subfield code="o">.TECHSTAFF. #16/r:bpk/i:bpk</subfield>
    </datafield>
    <datafield tag="999" ind1=" " ind2=" ">
      <subfield code="a">Q1 .S34 V.19 1904</subfield>
      <subfield code="w">LCPER</subfield>
      <subfield code="c">4</subfield>
      <subfield code="i">36105000935564</subfield>
      <subfield code="d">8/9/1996</subfield>
      <subfield code="l">SHELBYTITL</subfield>
      <subfield code="m">BIOLOGY</subfield>
      <subfield code="p">$40.00</subfield>
      <subfield code="r">Y</subfield>
      <subfield code="s">Y</subfield>
      <subfield code="t">PERI</subfield>
      <subfield code="u">2/25/1991</subfield>
      <subfield code="o">.TECHSTAFF. tf:PHYSICS 11/07/09 batch</subfield>
      <subfield code="o">.TECHSTAFF. #16/r:bpk/i:bpk</subfield>
    </datafield>
    <datafield tag="999" ind1=" " ind2=" ">
      <subfield code="a">Q1 .S34 V.18 1903</subfield>
      <subfield code="w">LCPER</subfield>
      <subfield code="c">4</subfield>
      <subfield code="i">36105000935556</subfield>
      <subfield code="d">7/17/2006</subfield>
      <subfield code="e">7/13/2006</subfield>
      <subfield code="l">SHELBYTITL</subfield>
      <subfield code="m">BIOLOGY</subfield>
      <subfield code="p">$40.00</subfield>
      <subfield code="r">Y</subfield>
      <subfield code="s">Y</subfield>
      <subfield code="t">PERI</subfield>
      <subfield code="u">2/25/1991</subfield>
      <subfield code="z">DIGI-SENT</subfield>
      <subfield code="o">.TECHSTAFF. tf:PHYSICS 11/07/09 batch</subfield>
      <subfield code="o">.TECHSTAFF. #16/r:bpk/i:bpk</subfield>
    </datafield>
    <datafield tag="999" ind1=" " ind2=" ">
      <subfield code="a">Q1 .S34 V.17 1903</subfield>
      <subfield code="w">LCPER</subfield>
      <subfield code="c">4</subfield>
      <subfield code="i">36105000935549</subfield>
      <subfield code="d">8/9/1996</subfield>
      <subfield code="l">SHELBYTITL</subfield>
      <subfield code="m">BIOLOGY</subfield>
      <subfield code="p">$40.00</subfield>
      <subfield code="r">Y</subfield>
      <subfield code="s">Y</subfield>
      <subfield code="t">PERI</subfield>
      <subfield code="u">2/25/1991</subfield>
      <subfield code="o">.TECHSTAFF. tf:PHYSICS 11/07/09 batch</subfield>
      <subfield code="o">.TECHSTAFF. #16/r:bpk/i:bpk</subfield>
    </datafield>
    <datafield tag="999" ind1=" " ind2=" ">
      <subfield code="a">Q1 .S34 V.16 1902</subfield>
      <subfield code="w">LCPER</subfield>
      <subfield code="c">4</subfield>
      <subfield code="i">36105000935531</subfield>
      <subfield code="d">8/9/1996</subfield>
      <subfield code="l">SHELBYTITL</subfield>
      <subfield code="m">BIOLOGY</subfield>
      <subfield code="p">$40.00</subfield>
      <subfield code="r">Y</subfield>
      <subfield code="s">Y</subfield>
      <subfield code="t">PERI</subfield>
      <subfield code="u">2/25/1991</subfield>
      <subfield code="o">.TECHSTAFF. tf:PHYSICS 11/07/09 batch</subfield>
      <subfield code="o">.TECHSTAFF. #16/r:bpk/i:bpk</subfield>
    </datafield>
    <datafield tag="999" ind1=" " ind2=" ">
      <subfield code="a">Q1 .S34 V.15 1902</subfield>
      <subfield code="w">LCPER</subfield>
      <subfield code="c">4</subfield>
      <subfield code="i">36105000935523</subfield>
      <subfield code="d">4/25/1994</subfield>
      <subfield code="e">4/25/1994</subfield>
      <subfield code="l">SHELBYTITL</subfield>
      <subfield code="m">BIOLOGY</subfield>
      <subfield code="p">$40.00</subfield>
      <subfield code="q">1</subfield>
      <subfield code="r">Y</subfield>
      <subfield code="s">Y</subfield>
      <subfield code="t">PERI</subfield>
      <subfield code="u">2/25/1991</subfield>
      <subfield code="o">.TECHSTAFF. tf:PHYSICS 11/07/09 batch</subfield>
      <subfield code="o">.TECHSTAFF. #16/r:bpk/i:bpk</subfield>
    </datafield>
    <datafield tag="999" ind1=" " ind2=" ">
      <subfield code="a">Q1 .S34 V.14 1901</subfield>
      <subfield code="w">LCPER</subfield>
      <subfield code="c">4</subfield>
      <subfield code="i">36105000935515</subfield>
      <subfield code="d">10/6/1992</subfield>
      <subfield code="l">SHELBYTITL</subfield>
      <subfield code="m">BIOLOGY</subfield>
      <subfield code="p">$40.00</subfield>
      <subfield code="r">Y</subfield>
      <subfield code="s">Y</subfield>
      <subfield code="t">PERI</subfield>
      <subfield code="u">2/25/1991</subfield>
      <subfield code="o">.TECHSTAFF. tf:PHYSICS 11/07/09 batch</subfield>
      <subfield code="o">.TECHSTAFF. #16/r:bpk/i:bpk</subfield>
    </datafield>
    <datafield tag="999" ind1=" " ind2=" ">
      <subfield code="a">Q1 .S34 V.13 1901</subfield>
      <subfield code="w">LCPER</subfield>
      <subfield code="c">4</subfield>
      <subfield code="i">36105000935507</subfield>
      <subfield code="d">10/6/1992</subfield>
      <subfield code="l">SHELBYTITL</subfield>
      <subfield code="m">BIOLOGY</subfield>
      <subfield code="p">$40.00</subfield>
      <subfield code="r">Y</subfield>
      <subfield code="s">Y</subfield>
      <subfield code="t">PERI</subfield>
      <subfield code="u">2/25/1991</subfield>
      <subfield code="o">.TECHSTAFF. tf:PHYSICS 11/07/09 batch</subfield>
      <subfield code="o">.TECHSTAFF. #16/r:bpk/i:bpk</subfield>
    </datafield>
    <datafield tag="999" ind1=" " ind2=" ">
      <subfield code="a">Q1 .S34 V.114 1951</subfield>
      <subfield code="w">LCPER</subfield>
      <subfield code="c">4</subfield>
      <subfield code="i">36105000936661</subfield>
      <subfield code="d">7/17/2006</subfield>
      <subfield code="e">7/13/2006</subfield>
      <subfield code="l">SHELBYTITL</subfield>
      <subfield code="m">BIOLOGY</subfield>
      <subfield code="p">$40.00</subfield>
      <subfield code="q">3</subfield>
      <subfield code="r">Y</subfield>
      <subfield code="s">Y</subfield>
      <subfield code="t">PERI</subfield>
      <subfield code="u">2/25/1991</subfield>
      <subfield code="z">DIGI-SENT</subfield>
      <subfield code="o">.TECHSTAFF. tf:PHYSICS 11/07/09 batch</subfield>
      <subfield code="o">.TECHSTAFF. #16/r:bpk/i:bpk</subfield>
    </datafield>
    <datafield tag="999" ind1=" " ind2=" ">
      <subfield code="a">Q1 .S34 V.56 1922</subfield>
      <subfield code="w">LCPER</subfield>
      <subfield code="c">4</subfield>
      <subfield code="i">36105000935853</subfield>
      <subfield code="d">7/17/2006</subfield>
      <subfield code="e">7/13/2006</subfield>
      <subfield code="l">SHELBYTITL</subfield>
      <subfield code="m">BIOLOGY</subfield>
      <subfield code="p">$40.00</subfield>
      <subfield code="r">Y</subfield>
      <subfield code="s">Y</subfield>
      <subfield code="t">PERI</subfield>
      <subfield code="u">2/25/1991</subfield>
      <subfield code="z">DIGI-SENT</subfield>
      <subfield code="o">.TECHSTAFF. tf:PHYSICS 11/07/09 batch</subfield>
      <subfield code="o">.TECHSTAFF. #16/r:bpk/i:bpk</subfield>
    </datafield>
    <datafield tag="999" ind1=" " ind2=" ">
      <subfield code="a">Q1 .S34 V.113 1951</subfield>
      <subfield code="w">LCPER</subfield>
      <subfield code="c">4</subfield>
      <subfield code="i">36105000538806</subfield>
      <subfield code="d">7/17/2006</subfield>
      <subfield code="e">7/13/2006</subfield>
      <subfield code="l">SHELBYTITL</subfield>
      <subfield code="m">BIOLOGY</subfield>
      <subfield code="p">$40.00</subfield>
      <subfield code="q">1</subfield>
      <subfield code="r">Y</subfield>
      <subfield code="s">Y</subfield>
      <subfield code="t">PERI</subfield>
      <subfield code="u">2/25/1991</subfield>
      <subfield code="z">DIGI-SENT</subfield>
      <subfield code="o">.TECHSTAFF. tf:PHYSICS 11/07/09 batch</subfield>
      <subfield code="o">.TECHSTAFF. #16/r:bpk/i:bpk</subfield>
    </datafield>
    <datafield tag="999" ind1=" " ind2=" ">
      <subfield code="a">Q1 .S34 V.112 1950</subfield>
      <subfield code="w">LCPER</subfield>
      <subfield code="c">4</subfield>
      <subfield code="i">36105000936653</subfield>
      <subfield code="d">7/17/2006</subfield>
      <subfield code="e">7/13/2006</subfield>
      <subfield code="l">SHELBYTITL</subfield>
      <subfield code="m">BIOLOGY</subfield>
      <subfield code="p">$40.00</subfield>
      <subfield code="r">Y</subfield>
      <subfield code="s">Y</subfield>
      <subfield code="t">PERI</subfield>
      <subfield code="u">2/25/1991</subfield>
      <subfield code="z">DIGI-SENT</subfield>
      <subfield code="o">.TECHSTAFF. tf:PHYSICS 11/07/09 batch</subfield>
      <subfield code="o">.TECHSTAFF. #16/r:bpk/i:bpk</subfield>
    </datafield>
    <datafield tag="999" ind1=" " ind2=" ">
      <subfield code="a">Q1 .S34 V.111 1950</subfield>
      <subfield code="w">LCPER</subfield>
      <subfield code="c">4</subfield>
      <subfield code="i">36105000936646</subfield>
      <subfield code="d">7/17/2006</subfield>
      <subfield code="e">7/13/2006</subfield>
      <subfield code="l">SHELBYTITL</subfield>
      <subfield code="m">BIOLOGY</subfield>
      <subfield code="p">$40.00</subfield>
      <subfield code="q">3</subfield>
      <subfield code="r">Y</subfield>
      <subfield code="s">Y</subfield>
      <subfield code="t">PERI</subfield>
      <subfield code="u">2/25/1991</subfield>
      <subfield code="z">DIGI-SENT</subfield>
      <subfield code="o">.TECHSTAFF. tf:PHYSICS 11/07/09 batch</subfield>
      <subfield code="o">.TECHSTAFF. #16/r:bpk/i:bpk</subfield>
    </datafield>
    <datafield tag="999" ind1=" " ind2=" ">
      <subfield code="a">Q1 .S34 V.110 1949:JUL.-DEC.</subfield>
      <subfield code="w">LCPER</subfield>
      <subfield code="c">4</subfield>
      <subfield code="i">36105000895651</subfield>
      <subfield code="d">7/17/2006</subfield>
      <subfield code="e">7/13/2006</subfield>
      <subfield code="l">SHELBYTITL</subfield>
      <subfield code="m">BIOLOGY</subfield>
      <subfield code="n">1</subfield>
      <subfield code="p">$40.00</subfield>
      <subfield code="r">Y</subfield>
      <subfield code="s">Y</subfield>
      <subfield code="t">PERI</subfield>
      <subfield code="u">2/25/1991</subfield>
      <subfield code="z">DIGI-SENT</subfield>
      <subfield code="o">.TECHSTAFF. tf:PHYSICS 11/07/09 batch</subfield>
      <subfield code="o">.TECHSTAFF. #16/r:bpk/i:bpk</subfield>
      <subfield code="o">.TECHSTAFF. IT.Incomplete.</subfield>
    </datafield>
    <datafield tag="999" ind1=" " ind2=" ">
      <subfield code="a">Q1 .S34 V.109 1949</subfield>
      <subfield code="w">LCPER</subfield>
      <subfield code="c">4</subfield>
      <subfield code="i">36105000936638</subfield>
      <subfield code="d">7/17/2006</subfield>
      <subfield code="e">7/13/2006</subfield>
      <subfield code="l">SHELBYTITL</subfield>
      <subfield code="m">BIOLOGY</subfield>
      <subfield code="p">$40.00</subfield>
      <subfield code="q">2</subfield>
      <subfield code="r">Y</subfield>
      <subfield code="s">Y</subfield>
      <subfield code="t">PERI</subfield>
      <subfield code="u">2/25/1991</subfield>
      <subfield code="z">DIGI-SENT</subfield>
      <subfield code="o">.TECHSTAFF. tf:PHYSICS 11/07/09 batch</subfield>
      <subfield code="o">.TECHSTAFF. #16/r:bpk/i:bpk</subfield>
    </datafield>
    <datafield tag="999" ind1=" " ind2=" ">
      <subfield code="a">Q1 .S34 V.108 1948</subfield>
      <subfield code="w">LCPER</subfield>
      <subfield code="c">4</subfield>
      <subfield code="i">36105000936620</subfield>
      <subfield code="d">7/17/2006</subfield>
      <subfield code="e">7/13/2006</subfield>
      <subfield code="l">SHELBYTITL</subfield>
      <subfield code="m">BIOLOGY</subfield>
      <subfield code="p">$40.00</subfield>
      <subfield code="q">1</subfield>
      <subfield code="r">Y</subfield>
      <subfield code="s">Y</subfield>
      <subfield code="t">PERI</subfield>
      <subfield code="u">2/25/1991</subfield>
      <subfield code="z">DIGI-SENT</subfield>
      <subfield code="o">.TECHSTAFF. tf:PHYSICS 11/07/09 batch</subfield>
      <subfield code="o">.TECHSTAFF. #16/r:bpk/i:bpk</subfield>
    </datafield>
    <datafield tag="999" ind1=" " ind2=" ">
      <subfield code="a">Q1 .S34 V.107 1948</subfield>
      <subfield code="w">LCPER</subfield>
      <subfield code="c">4</subfield>
      <subfield code="i">36105000936612</subfield>
      <subfield code="d">7/17/2006</subfield>
      <subfield code="e">7/13/2006</subfield>
      <subfield code="l">SHELBYTITL</subfield>
      <subfield code="m">BIOLOGY</subfield>
      <subfield code="p">$40.00</subfield>
      <subfield code="r">Y</subfield>
      <subfield code="s">Y</subfield>
      <subfield code="t">PERI</subfield>
      <subfield code="u">2/25/1991</subfield>
      <subfield code="z">DIGI-SENT</subfield>
      <subfield code="o">.TECHSTAFF. tf:PHYSICS 11/07/09 batch</subfield>
      <subfield code="o">.TECHSTAFF. #16/r:bpk/i:bpk</subfield>
    </datafield>
    <datafield tag="999" ind1=" " ind2=" ">
      <subfield code="a">Q1 .S34 V.106 1947</subfield>
      <subfield code="w">LCPER</subfield>
      <subfield code="c">4</subfield>
      <subfield code="i">36105000936604</subfield>
      <subfield code="d">7/17/2006</subfield>
      <subfield code="e">7/13/2006</subfield>
      <subfield code="l">SHELBYTITL</subfield>
      <subfield code="m">BIOLOGY</subfield>
      <subfield code="p">$40.00</subfield>
      <subfield code="q">2</subfield>
      <subfield code="r">Y</subfield>
      <subfield code="s">Y</subfield>
      <subfield code="t">PERI</subfield>
      <subfield code="u">2/25/1991</subfield>
      <subfield code="z">DIGI-SENT</subfield>
      <subfield code="o">.TECHSTAFF. tf:PHYSICS 11/07/09 batch</subfield>
      <subfield code="o">.TECHSTAFF. #16/r:bpk/i:bpk</subfield>
    </datafield>
    <datafield tag="999" ind1=" " ind2=" ">
      <subfield code="a">Q1 .S34 V.105 1947</subfield>
      <subfield code="w">LCPER</subfield>
      <subfield code="c">4</subfield>
      <subfield code="i">36105000936596</subfield>
      <subfield code="d">7/17/2006</subfield>
      <subfield code="e">7/13/2006</subfield>
      <subfield code="l">SHELBYTITL</subfield>
      <subfield code="m">BIOLOGY</subfield>
      <subfield code="p">$40.00</subfield>
      <subfield code="r">Y</subfield>
      <subfield code="s">Y</subfield>
      <subfield code="t">PERI</subfield>
      <subfield code="u">2/25/1991</subfield>
      <subfield code="z">DIGI-SENT</subfield>
      <subfield code="o">.TECHSTAFF. tf:PHYSICS 11/07/09 batch</subfield>
      <subfield code="o">.TECHSTAFF. #16/r:bpk/i:bpk</subfield>
    </datafield>
    <datafield tag="999" ind1=" " ind2=" ">
      <subfield code="a">Q1 .S34 V.104 1946</subfield>
      <subfield code="w">LCPER</subfield>
      <subfield code="c">4</subfield>
      <subfield code="i">36105000936588</subfield>
      <subfield code="d">7/17/2006</subfield>
      <subfield code="e">7/13/2006</subfield>
      <subfield code="l">SHELBYTITL</subfield>
      <subfield code="m">BIOLOGY</subfield>
      <subfield code="p">$40.00</subfield>
      <subfield code="r">Y</subfield>
      <subfield code="s">Y</subfield>
      <subfield code="t">PERI</subfield>
      <subfield code="u">2/25/1991</subfield>
      <subfield code="z">DIGI-SENT</subfield>
      <subfield code="o">.TECHSTAFF. tf:PHYSICS 11/07/09 batch</subfield>
      <subfield code="o">.TECHSTAFF. #16/r:bpk/i:bpk</subfield>
    </datafield>
    <datafield tag="999" ind1=" " ind2=" ">
      <subfield code="a">Q1 .S34 V.103 1946</subfield>
      <subfield code="w">LCPER</subfield>
      <subfield code="c">4</subfield>
      <subfield code="i">36105000936570</subfield>
      <subfield code="d">7/17/2006</subfield>
      <subfield code="e">7/13/2006</subfield>
      <subfield code="l">SHELBYTITL</subfield>
      <subfield code="m">BIOLOGY</subfield>
      <subfield code="p">$40.00</subfield>
      <subfield code="r">Y</subfield>
      <subfield code="s">Y</subfield>
      <subfield code="t">PERI</subfield>
      <subfield code="u">2/25/1991</subfield>
      <subfield code="z">DIGI-SENT</subfield>
      <subfield code="o">.TECHSTAFF. tf:PHYSICS 11/07/09 batch</subfield>
      <subfield code="o">.TECHSTAFF. #16/r:bpk/i:bpk</subfield>
    </datafield>
    <datafield tag="999" ind1=" " ind2=" ">
      <subfield code="a">Q1 .S34 V.102 1945</subfield>
      <subfield code="w">LCPER</subfield>
      <subfield code="c">4</subfield>
      <subfield code="i">36105000936562</subfield>
      <subfield code="d">7/17/2006</subfield>
      <subfield code="e">7/13/2006</subfield>
      <subfield code="l">SHELBYTITL</subfield>
      <subfield code="m">BIOLOGY</subfield>
      <subfield code="p">$40.00</subfield>
      <subfield code="q">1</subfield>
      <subfield code="r">Y</subfield>
      <subfield code="s">Y</subfield>
      <subfield code="t">PERI</subfield>
      <subfield code="u">2/25/1991</subfield>
      <subfield code="z">DIGI-SENT</subfield>
      <subfield code="o">.TECHSTAFF. tf:PHYSICS 11/07/09 batch</subfield>
      <subfield code="o">.TECHSTAFF. #16/r:bpk/i:bpk</subfield>
    </datafield>
    <datafield tag="999" ind1=" " ind2=" ">
      <subfield code="a">Q1 .S34 V.101 1945</subfield>
      <subfield code="w">LCPER</subfield>
      <subfield code="c">4</subfield>
      <subfield code="i">36105000936554</subfield>
      <subfield code="d">7/17/2006</subfield>
      <subfield code="e">7/13/2006</subfield>
      <subfield code="l">SHELBYTITL</subfield>
      <subfield code="m">BIOLOGY</subfield>
      <subfield code="p">$40.00</subfield>
      <subfield code="q">1</subfield>
      <subfield code="r">Y</subfield>
      <subfield code="s">Y</subfield>
      <subfield code="t">PERI</subfield>
      <subfield code="u">2/25/1991</subfield>
      <subfield code="z">DIGI-SENT</subfield>
      <subfield code="o">.TECHSTAFF. tf:PHYSICS 11/07/09 batch</subfield>
      <subfield code="o">.TECHSTAFF. #16/r:bpk/i:bpk</subfield>
    </datafield>
    <datafield tag="999" ind1=" " ind2=" ">
      <subfield code="a">Q1 .S34 V.100 1944</subfield>
      <subfield code="w">LCPER</subfield>
      <subfield code="c">4</subfield>
      <subfield code="i">36105000936547</subfield>
      <subfield code="d">7/17/2006</subfield>
      <subfield code="e">7/13/2006</subfield>
      <subfield code="l">SHELBYTITL</subfield>
      <subfield code="m">BIOLOGY</subfield>
      <subfield code="p">$40.00</subfield>
      <subfield code="r">Y</subfield>
      <subfield code="s">Y</subfield>
      <subfield code="t">PERI</subfield>
      <subfield code="u">2/25/1991</subfield>
      <subfield code="z">DIGI-SENT</subfield>
      <subfield code="o">.TECHSTAFF. tf:PHYSICS 11/07/09 batch</subfield>
      <subfield code="o">.TECHSTAFF. #16/r:bpk/i:bpk</subfield>
    </datafield>
    <datafield tag="999" ind1=" " ind2=" ">
      <subfield code="a">Q1 .S34 V.99 1944</subfield>
      <subfield code="w">LCPER</subfield>
      <subfield code="c">4</subfield>
      <subfield code="i">36105000936539</subfield>
      <subfield code="d">7/17/2006</subfield>
      <subfield code="e">7/13/2006</subfield>
      <subfield code="l">SHELBYTITL</subfield>
      <subfield code="m">BIOLOGY</subfield>
      <subfield code="p">$40.00</subfield>
      <subfield code="r">Y</subfield>
      <subfield code="s">Y</subfield>
      <subfield code="t">PERI</subfield>
      <subfield code="u">2/25/1991</subfield>
      <subfield code="z">DIGI-SENT</subfield>
      <subfield code="o">.TECHSTAFF. tf:PHYSICS 11/07/09 batch</subfield>
      <subfield code="o">.TECHSTAFF. #16/r:bpk/i:bpk</subfield>
    </datafield>
    <datafield tag="999" ind1=" " ind2=" ">
      <subfield code="a">Q1 .S34 V.98 1943</subfield>
      <subfield code="w">LCPER</subfield>
      <subfield code="c">4</subfield>
      <subfield code="i">36105000936521</subfield>
      <subfield code="d">7/17/2006</subfield>
      <subfield code="e">7/13/2006</subfield>
      <subfield code="l">SHELBYTITL</subfield>
      <subfield code="m">BIOLOGY</subfield>
      <subfield code="p">$40.00</subfield>
      <subfield code="q">1</subfield>
      <subfield code="r">Y</subfield>
      <subfield code="s">Y</subfield>
      <subfield code="t">PERI</subfield>
      <subfield code="u">2/25/1991</subfield>
      <subfield code="z">DIGI-SENT</subfield>
      <subfield code="o">.TECHSTAFF. tf:PHYSICS 11/07/09 batch</subfield>
      <subfield code="o">.TECHSTAFF. #16/r:bpk/i:bpk</subfield>
    </datafield>
    <datafield tag="999" ind1=" " ind2=" ">
      <subfield code="a">Q1 .S34 V.97 1943</subfield>
      <subfield code="w">LCPER</subfield>
      <subfield code="c">4</subfield>
      <subfield code="i">36105000936513</subfield>
      <subfield code="d">7/17/2006</subfield>
      <subfield code="e">7/13/2006</subfield>
      <subfield code="l">SHELBYTITL</subfield>
      <subfield code="m">BIOLOGY</subfield>
      <subfield code="p">$40.00</subfield>
      <subfield code="q">1</subfield>
      <subfield code="r">Y</subfield>
      <subfield code="s">Y</subfield>
      <subfield code="t">PERI</subfield>
      <subfield code="u">2/25/1991</subfield>
      <subfield code="z">DIGI-SENT</subfield>
      <subfield code="o">.TECHSTAFF. tf:PHYSICS 11/07/09 batch</subfield>
      <subfield code="o">.TECHSTAFF. #16/r:bpk/i:bpk</subfield>
    </datafield>
    <datafield tag="999" ind1=" " ind2=" ">
      <subfield code="a">Q1 .S34 V.96 1942</subfield>
      <subfield code="w">LCPER</subfield>
      <subfield code="c">4</subfield>
      <subfield code="i">36105000936208</subfield>
      <subfield code="d">7/17/2006</subfield>
      <subfield code="e">7/13/2006</subfield>
      <subfield code="l">SHELBYTITL</subfield>
      <subfield code="m">BIOLOGY</subfield>
      <subfield code="p">$40.00</subfield>
      <subfield code="r">Y</subfield>
      <subfield code="s">Y</subfield>
      <subfield code="t">PERI</subfield>
      <subfield code="u">2/25/1991</subfield>
      <subfield code="z">DIGI-SENT</subfield>
      <subfield code="o">.TECHSTAFF. tf:PHYSICS 11/07/09 batch</subfield>
      <subfield code="o">.TECHSTAFF. #16/r:bpk/i:bpk</subfield>
    </datafield>
    <datafield tag="999" ind1=" " ind2=" ">
      <subfield code="a">Q1 .S34 V.95 1942</subfield>
      <subfield code="w">LCPER</subfield>
      <subfield code="c">4</subfield>
      <subfield code="i">36105000936190</subfield>
      <subfield code="d">7/17/2006</subfield>
      <subfield code="e">7/13/2006</subfield>
      <subfield code="l">SHELBYTITL</subfield>
      <subfield code="m">BIOLOGY</subfield>
      <subfield code="p">$40.00</subfield>
      <subfield code="r">Y</subfield>
      <subfield code="s">Y</subfield>
      <subfield code="t">PERI</subfield>
      <subfield code="u">2/25/1991</subfield>
      <subfield code="z">DIGI-SENT</subfield>
      <subfield code="o">.TECHSTAFF. tf:PHYSICS 11/07/09 batch</subfield>
      <subfield code="o">.TECHSTAFF. #16/r:bpk/i:bpk</subfield>
    </datafield>
    <datafield tag="999" ind1=" " ind2=" ">
      <subfield code="a">Q1 .S34 V.94 1941</subfield>
      <subfield code="w">LCPER</subfield>
      <subfield code="c">4</subfield>
      <subfield code="i">36105000936182</subfield>
      <subfield code="d">7/17/2006</subfield>
      <subfield code="e">7/13/2006</subfield>
      <subfield code="l">SHELBYTITL</subfield>
      <subfield code="m">BIOLOGY</subfield>
      <subfield code="p">$40.00</subfield>
      <subfield code="r">Y</subfield>
      <subfield code="s">Y</subfield>
      <subfield code="t">PERI</subfield>
      <subfield code="u">2/25/1991</subfield>
      <subfield code="z">DIGI-SENT</subfield>
      <subfield code="o">.TECHSTAFF. tf:PHYSICS 11/07/09 batch</subfield>
      <subfield code="o">.TECHSTAFF. #16/r:bpk/i:bpk</subfield>
    </datafield>
    <datafield tag="999" ind1=" " ind2=" ">
      <subfield code="a">Q1 .S34 V.93 1941</subfield>
      <subfield code="w">LCPER</subfield>
      <subfield code="c">4</subfield>
      <subfield code="i">36105000936174</subfield>
      <subfield code="d">7/17/2006</subfield>
      <subfield code="e">7/13/2006</subfield>
      <subfield code="l">SHELBYTITL</subfield>
      <subfield code="m">BIOLOGY</subfield>
      <subfield code="p">$40.00</subfield>
      <subfield code="r">Y</subfield>
      <subfield code="s">Y</subfield>
      <subfield code="t">PERI</subfield>
      <subfield code="u">2/25/1991</subfield>
      <subfield code="z">DIGI-SENT</subfield>
      <subfield code="o">.TECHSTAFF. tf:PHYSICS 11/07/09 batch</subfield>
      <subfield code="o">.TECHSTAFF. #16/r:bpk/i:bpk</subfield>
    </datafield>
    <datafield tag="999" ind1=" " ind2=" ">
      <subfield code="a">Q1 .S34 V.92 1940</subfield>
      <subfield code="w">LCPER</subfield>
      <subfield code="c">4</subfield>
      <subfield code="i">36105000936166</subfield>
      <subfield code="d">7/17/2006</subfield>
      <subfield code="e">7/13/2006</subfield>
      <subfield code="l">SHELBYTITL</subfield>
      <subfield code="m">BIOLOGY</subfield>
      <subfield code="p">$40.00</subfield>
      <subfield code="r">Y</subfield>
      <subfield code="s">Y</subfield>
      <subfield code="t">PERI</subfield>
      <subfield code="u">2/25/1991</subfield>
      <subfield code="z">DIGI-SENT</subfield>
      <subfield code="o">.TECHSTAFF. tf:PHYSICS 11/07/09 batch</subfield>
      <subfield code="o">.TECHSTAFF. #16/r:bpk/i:bpk</subfield>
    </datafield>
    <datafield tag="999" ind1=" " ind2=" ">
      <subfield code="a">Q1 .S34 V.91 1940:JAN.-JUN.</subfield>
      <subfield code="w">LCPER</subfield>
      <subfield code="c">4</subfield>
      <subfield code="i">36105000895669</subfield>
      <subfield code="d">7/17/2006</subfield>
      <subfield code="e">7/13/2006</subfield>
      <subfield code="l">SHELBYTITL</subfield>
      <subfield code="m">BIOLOGY</subfield>
      <subfield code="p">$40.00</subfield>
      <subfield code="q">2</subfield>
      <subfield code="r">Y</subfield>
      <subfield code="s">Y</subfield>
      <subfield code="t">PERI</subfield>
      <subfield code="u">2/25/1991</subfield>
      <subfield code="z">DIGI-SENT</subfield>
      <subfield code="o">.TECHSTAFF. tf:PHYSICS 11/07/09 batch</subfield>
      <subfield code="o">.TECHSTAFF. #16/r:bpk/i:bpk</subfield>
    </datafield>
    <datafield tag="999" ind1=" " ind2=" ">
      <subfield code="a">Q1 .S34 V.89-90 1939</subfield>
      <subfield code="w">LCPER</subfield>
      <subfield code="c">4</subfield>
      <subfield code="i">36105000936158</subfield>
      <subfield code="d">8/9/1996</subfield>
      <subfield code="l">SHELBYTITL</subfield>
      <subfield code="m">BIOLOGY</subfield>
      <subfield code="p">$40.00</subfield>
      <subfield code="r">Y</subfield>
      <subfield code="s">Y</subfield>
      <subfield code="t">PERI</subfield>
      <subfield code="u">2/25/1991</subfield>
      <subfield code="o">.TECHSTAFF. tf:PHYSICS 11/07/09 batch</subfield>
      <subfield code="o">.TECHSTAFF. #16/r:bpk/i:bpk</subfield>
    </datafield>
    <datafield tag="999" ind1=" " ind2=" ">
      <subfield code="a">Q1 .S34 V.87-88 1938</subfield>
      <subfield code="w">LCPER</subfield>
      <subfield code="c">4</subfield>
      <subfield code="i">36105000936141</subfield>
      <subfield code="d">6/29/1999</subfield>
      <subfield code="e">6/28/1999</subfield>
      <subfield code="l">SHELBYTITL</subfield>
      <subfield code="m">BIOLOGY</subfield>
      <subfield code="n">1</subfield>
      <subfield code="p">$40.00</subfield>
      <subfield code="r">Y</subfield>
      <subfield code="s">Y</subfield>
      <subfield code="t">PERI</subfield>
      <subfield code="u">2/25/1991</subfield>
      <subfield code="o">.TECHSTAFF. tf:PHYSICS 11/07/09 batch</subfield>
      <subfield code="o">.TECHSTAFF. #16/r:bpk/i:bpk</subfield>
    </datafield>
    <datafield tag="999" ind1=" " ind2=" ">
      <subfield code="a">Q1 .S34 V.85-86 1937</subfield>
      <subfield code="w">LCPER</subfield>
      <subfield code="c">4</subfield>
      <subfield code="i">36105000936133</subfield>
      <subfield code="d">8/9/1996</subfield>
      <subfield code="l">SHELBYTITL</subfield>
      <subfield code="m">BIOLOGY</subfield>
      <subfield code="p">$40.00</subfield>
      <subfield code="q">1</subfield>
      <subfield code="r">Y</subfield>
      <subfield code="s">Y</subfield>
      <subfield code="t">PERI</subfield>
      <subfield code="u">2/25/1991</subfield>
      <subfield code="o">.TECHSTAFF. tf:PHYSICS 11/07/09 batch</subfield>
      <subfield code="o">.TECHSTAFF. #16/r:bpk/i:bpk</subfield>
    </datafield>
    <datafield tag="999" ind1=" " ind2=" ">
      <subfield code="a">Q1 .S34 V.83-84 1935</subfield>
      <subfield code="w">LCPER</subfield>
      <subfield code="c">4</subfield>
      <subfield code="i">36105000936125</subfield>
      <subfield code="d">5/22/2003</subfield>
      <subfield code="e">12/14/1993</subfield>
      <subfield code="l">SHELBYTITL</subfield>
      <subfield code="m">BIOLOGY</subfield>
      <subfield code="p">$40.00</subfield>
      <subfield code="q">3</subfield>
      <subfield code="r">Y</subfield>
      <subfield code="s">Y</subfield>
      <subfield code="t">PERI</subfield>
      <subfield code="u">2/25/1991</subfield>
      <subfield code="o">.TECHSTAFF. tf:PHYSICS 11/07/09 batch</subfield>
      <subfield code="o">.TECHSTAFF. #16/r:bpk/i:bpk</subfield>
    </datafield>
    <datafield tag="999" ind1=" " ind2=" ">
      <subfield code="a">Q1 .S34 V.81-82 1935</subfield>
      <subfield code="w">LCPER</subfield>
      <subfield code="c">4</subfield>
      <subfield code="i">36105000936117</subfield>
      <subfield code="d">8/9/1996</subfield>
      <subfield code="l">SHELBYTITL</subfield>
      <subfield code="m">BIOLOGY</subfield>
      <subfield code="p">$40.00</subfield>
      <subfield code="r">Y</subfield>
      <subfield code="s">Y</subfield>
      <subfield code="t">PERI</subfield>
      <subfield code="u">2/25/1991</subfield>
      <subfield code="o">.TECHSTAFF. tf:PHYSICS 11/07/09 batch</subfield>
      <subfield code="o">.TECHSTAFF. #16/r:bpk/i:bpk</subfield>
    </datafield>
    <datafield tag="999" ind1=" " ind2=" ">
      <subfield code="a">Q1 .S34 V.79-80 1934</subfield>
      <subfield code="w">LCPER</subfield>
      <subfield code="c">4</subfield>
      <subfield code="i">36105000936109</subfield>
      <subfield code="d">6/22/2001</subfield>
      <subfield code="l">SHELBYTITL</subfield>
      <subfield code="m">BIOLOGY</subfield>
      <subfield code="p">$40.00</subfield>
      <subfield code="q">3</subfield>
      <subfield code="r">Y</subfield>
      <subfield code="s">Y</subfield>
      <subfield code="t">PERI</subfield>
      <subfield code="u">2/25/1991</subfield>
      <subfield code="o">.TECHSTAFF. tf:PHYSICS 11/07/09 batch</subfield>
      <subfield code="o">.TECHSTAFF. #16/r:bpk/i:bpk</subfield>
    </datafield>
    <datafield tag="999" ind1=" " ind2=" ">
      <subfield code="a">Q1 .S34 V.77-78 1933</subfield>
      <subfield code="w">LCPER</subfield>
      <subfield code="c">4</subfield>
      <subfield code="i">36105000936091</subfield>
      <subfield code="d">5/20/1998</subfield>
      <subfield code="e">5/19/1998</subfield>
      <subfield code="l">SHELBYTITL</subfield>
      <subfield code="m">BIOLOGY</subfield>
      <subfield code="n">2</subfield>
      <subfield code="p">$40.00</subfield>
      <subfield code="q">1</subfield>
      <subfield code="r">Y</subfield>
      <subfield code="s">Y</subfield>
      <subfield code="t">PERI</subfield>
      <subfield code="u">2/25/1991</subfield>
      <subfield code="o">.TECHSTAFF. tf:PHYSICS 11/07/09 batch</subfield>
      <subfield code="o">.TECHSTAFF. #16/r:bpk/i:bpk</subfield>
    </datafield>
    <datafield tag="999" ind1=" " ind2=" ">
      <subfield code="a">Q1 .S34 V.75-76 1932</subfield>
      <subfield code="w">LCPER</subfield>
      <subfield code="c">4</subfield>
      <subfield code="i">36105000936083</subfield>
      <subfield code="d">8/9/1996</subfield>
      <subfield code="l">SHELBYTITL</subfield>
      <subfield code="m">BIOLOGY</subfield>
      <subfield code="p">$40.00</subfield>
      <subfield code="q">1</subfield>
      <subfield code="r">Y</subfield>
      <subfield code="s">Y</subfield>
      <subfield code="t">PERI</subfield>
      <subfield code="u">2/25/1991</subfield>
      <subfield code="o">.TECHSTAFF. tf:PHYSICS 11/07/09 batch</subfield>
      <subfield code="o">.TECHSTAFF. #16/r:bpk/i:bpk</subfield>
    </datafield>
    <datafield tag="999" ind1=" " ind2=" ">
      <subfield code="a">Q1 .S34 V.73-74 1931</subfield>
      <subfield code="w">LCPER</subfield>
      <subfield code="c">4</subfield>
      <subfield code="i">36105000936075</subfield>
      <subfield code="d">3/16/2000</subfield>
      <subfield code="l">SHELBYTITL</subfield>
      <subfield code="m">BIOLOGY</subfield>
      <subfield code="p">$40.00</subfield>
      <subfield code="q">2</subfield>
      <subfield code="r">Y</subfield>
      <subfield code="s">Y</subfield>
      <subfield code="t">PERI</subfield>
      <subfield code="u">2/25/1991</subfield>
      <subfield code="o">.TECHSTAFF. tf:PHYSICS 11/07/09 batch</subfield>
      <subfield code="o">.TECHSTAFF. #16/r:bpk/i:bpk</subfield>
    </datafield>
    <datafield tag="999" ind1=" " ind2=" ">
      <subfield code="a">Q1 .S34 V.72 1930</subfield>
      <subfield code="w">LCPER</subfield>
      <subfield code="c">4</subfield>
      <subfield code="i">36105000936067</subfield>
      <subfield code="d">7/17/2006</subfield>
      <subfield code="e">7/13/2006</subfield>
      <subfield code="l">SHELBYTITL</subfield>
      <subfield code="m">BIOLOGY</subfield>
      <subfield code="p">$40.00</subfield>
      <subfield code="r">Y</subfield>
      <subfield code="s">Y</subfield>
      <subfield code="t">PERI</subfield>
      <subfield code="u">2/25/1991</subfield>
      <subfield code="z">DIGI-SENT</subfield>
      <subfield code="o">.TECHSTAFF. tf:PHYSICS 11/07/09 batch</subfield>
      <subfield code="o">.TECHSTAFF. #16/r:bpk/i:bpk</subfield>
    </datafield>
    <datafield tag="999" ind1=" " ind2=" ">
      <subfield code="a">Q1 .S34 V.71 1930</subfield>
      <subfield code="w">LCPER</subfield>
      <subfield code="c">4</subfield>
      <subfield code="i">36105000936059</subfield>
      <subfield code="d">7/17/2006</subfield>
      <subfield code="e">7/13/2006</subfield>
      <subfield code="l">SHELBYTITL</subfield>
      <subfield code="m">BIOLOGY</subfield>
      <subfield code="p">$40.00</subfield>
      <subfield code="q">1</subfield>
      <subfield code="r">Y</subfield>
      <subfield code="s">Y</subfield>
      <subfield code="t">PERI</subfield>
      <subfield code="u">2/25/1991</subfield>
      <subfield code="z">DIGI-SENT</subfield>
      <subfield code="o">.TECHSTAFF. tf:PHYSICS 11/07/09 batch</subfield>
      <subfield code="o">.TECHSTAFF. #16/r:bpk/i:bpk</subfield>
    </datafield>
    <datafield tag="999" ind1=" " ind2=" ">
      <subfield code="a">Q1 .S34 V.70 1929</subfield>
      <subfield code="w">LCPER</subfield>
      <subfield code="c">4</subfield>
      <subfield code="i">36105000936042</subfield>
      <subfield code="d">7/17/2006</subfield>
      <subfield code="e">7/13/2006</subfield>
      <subfield code="l">SHELBYTITL</subfield>
      <subfield code="m">BIOLOGY</subfield>
      <subfield code="p">$40.00</subfield>
      <subfield code="r">Y</subfield>
      <subfield code="s">Y</subfield>
      <subfield code="t">PERI</subfield>
      <subfield code="u">2/25/1991</subfield>
      <subfield code="z">DIGI-SENT</subfield>
      <subfield code="o">.TECHSTAFF. tf:PHYSICS 11/07/09 batch</subfield>
      <subfield code="o">.TECHSTAFF. #16/r:bpk/i:bpk</subfield>
    </datafield>
    <datafield tag="999" ind1=" " ind2=" ">
      <subfield code="a">Q1 .S34 V.69 1929</subfield>
      <subfield code="w">LCPER</subfield>
      <subfield code="c">4</subfield>
      <subfield code="i">36105000936034</subfield>
      <subfield code="d">7/17/2006</subfield>
      <subfield code="e">7/13/2006</subfield>
      <subfield code="l">SHELBYTITL</subfield>
      <subfield code="m">BIOLOGY</subfield>
      <subfield code="p">$40.00</subfield>
      <subfield code="q">1</subfield>
      <subfield code="r">Y</subfield>
      <subfield code="s">Y</subfield>
      <subfield code="t">PERI</subfield>
      <subfield code="u">2/25/1991</subfield>
      <subfield code="z">DIGI-SENT</subfield>
      <subfield code="o">.TECHSTAFF. tf:PHYSICS 11/07/09 batch</subfield>
      <subfield code="o">.TECHSTAFF. #16/r:bpk/i:bpk</subfield>
    </datafield>
    <datafield tag="999" ind1=" " ind2=" ">
      <subfield code="a">Q1 .S34 V.68 1928</subfield>
      <subfield code="w">LCPER</subfield>
      <subfield code="c">4</subfield>
      <subfield code="i">36105000936026</subfield>
      <subfield code="d">7/17/2006</subfield>
      <subfield code="e">7/13/2006</subfield>
      <subfield code="l">SHELBYTITL</subfield>
      <subfield code="m">BIOLOGY</subfield>
      <subfield code="p">$40.00</subfield>
      <subfield code="q">2</subfield>
      <subfield code="r">Y</subfield>
      <subfield code="s">Y</subfield>
      <subfield code="t">PERI</subfield>
      <subfield code="u">2/25/1991</subfield>
      <subfield code="z">DIGI-SENT</subfield>
      <subfield code="o">.TECHSTAFF. tf:PHYSICS 11/07/09 batch</subfield>
      <subfield code="o">.TECHSTAFF. #16/r:bpk/i:bpk</subfield>
    </datafield>
    <datafield tag="999" ind1=" " ind2=" ">
      <subfield code="a">Q1 .S34 V.67 1928</subfield>
      <subfield code="w">LCPER</subfield>
      <subfield code="c">4</subfield>
      <subfield code="i">36105000936018</subfield>
      <subfield code="d">7/17/2006</subfield>
      <subfield code="e">7/13/2006</subfield>
      <subfield code="l">SHELBYTITL</subfield>
      <subfield code="m">BIOLOGY</subfield>
      <subfield code="p">$40.00</subfield>
      <subfield code="r">Y</subfield>
      <subfield code="s">Y</subfield>
      <subfield code="t">PERI</subfield>
      <subfield code="u">2/25/1991</subfield>
      <subfield code="z">DIGI-SENT</subfield>
      <subfield code="o">.TECHSTAFF. tf:PHYSICS 11/07/09 batch</subfield>
      <subfield code="o">.TECHSTAFF. #16/r:bpk/i:bpk</subfield>
    </datafield>
    <datafield tag="999" ind1=" " ind2=" ">
      <subfield code="a">Q1 .S34 V.66 1927</subfield>
      <subfield code="w">LCPER</subfield>
      <subfield code="c">4</subfield>
      <subfield code="i">36105000936000</subfield>
      <subfield code="d">7/17/2006</subfield>
      <subfield code="e">7/13/2006</subfield>
      <subfield code="l">SHELBYTITL</subfield>
      <subfield code="m">BIOLOGY</subfield>
      <subfield code="p">$40.00</subfield>
      <subfield code="q">1</subfield>
      <subfield code="r">Y</subfield>
      <subfield code="s">Y</subfield>
      <subfield code="t">PERI</subfield>
      <subfield code="u">2/25/1991</subfield>
      <subfield code="z">DIGI-SENT</subfield>
      <subfield code="o">.TECHSTAFF. tf:PHYSICS 11/07/09 batch</subfield>
      <subfield code="o">.TECHSTAFF. #16/r:bpk/i:bpk</subfield>
    </datafield>
    <datafield tag="999" ind1=" " ind2=" ">
      <subfield code="a">Q1 .S34 V.65 1927</subfield>
      <subfield code="w">LCPER</subfield>
      <subfield code="c">4</subfield>
      <subfield code="i">36105000935994</subfield>
      <subfield code="d">7/17/2006</subfield>
      <subfield code="e">7/13/2006</subfield>
      <subfield code="l">SHELBYTITL</subfield>
      <subfield code="m">BIOLOGY</subfield>
      <subfield code="n">1</subfield>
      <subfield code="p">$40.00</subfield>
      <subfield code="q">6</subfield>
      <subfield code="r">Y</subfield>
      <subfield code="s">Y</subfield>
      <subfield code="t">PERI</subfield>
      <subfield code="u">2/25/1991</subfield>
      <subfield code="z">DIGI-SENT</subfield>
      <subfield code="o">.TECHSTAFF. tf:PHYSICS 11/07/09 batch</subfield>
      <subfield code="o">.TECHSTAFF. #16/r:bpk/i:bpk</subfield>
    </datafield>
    <datafield tag="999" ind1=" " ind2=" ">
      <subfield code="a">Q1 .S34 V.64 1926</subfield>
      <subfield code="w">LCPER</subfield>
      <subfield code="c">4</subfield>
      <subfield code="i">36105000935986</subfield>
      <subfield code="d">7/17/2006</subfield>
      <subfield code="e">7/13/2006</subfield>
      <subfield code="l">SHELBYTITL</subfield>
      <subfield code="m">BIOLOGY</subfield>
      <subfield code="p">$40.00</subfield>
      <subfield code="r">Y</subfield>
      <subfield code="s">Y</subfield>
      <subfield code="t">PERI</subfield>
      <subfield code="u">2/25/1991</subfield>
      <subfield code="z">DIGI-SENT</subfield>
      <subfield code="o">.TECHSTAFF. tf:PHYSICS 11/07/09 batch</subfield>
      <subfield code="o">.TECHSTAFF. #16/r:bpk/i:bpk</subfield>
    </datafield>
    <datafield tag="999" ind1=" " ind2=" ">
      <subfield code="a">Q1 .S34 V.63 1926</subfield>
      <subfield code="w">LCPER</subfield>
      <subfield code="c">4</subfield>
      <subfield code="i">36105000935978</subfield>
      <subfield code="d">7/17/2006</subfield>
      <subfield code="e">7/13/2006</subfield>
      <subfield code="l">SHELBYTITL</subfield>
      <subfield code="m">BIOLOGY</subfield>
      <subfield code="p">$40.00</subfield>
      <subfield code="r">Y</subfield>
      <subfield code="s">Y</subfield>
      <subfield code="t">PERI</subfield>
      <subfield code="u">2/25/1991</subfield>
      <subfield code="z">DIGI-SENT</subfield>
      <subfield code="o">.TECHSTAFF. tf:PHYSICS 11/07/09 batch</subfield>
      <subfield code="o">.TECHSTAFF. #16/r:bpk/i:bpk</subfield>
    </datafield>
    <datafield tag="999" ind1=" " ind2=" ">
      <subfield code="a">Q1 .S34 V.62 1925</subfield>
      <subfield code="w">LCPER</subfield>
      <subfield code="c">4</subfield>
      <subfield code="i">36105000935960</subfield>
      <subfield code="d">7/17/2006</subfield>
      <subfield code="e">7/13/2006</subfield>
      <subfield code="l">SHELBYTITL</subfield>
      <subfield code="m">BIOLOGY</subfield>
      <subfield code="p">$40.00</subfield>
      <subfield code="r">Y</subfield>
      <subfield code="s">Y</subfield>
      <subfield code="t">PERI</subfield>
      <subfield code="u">2/25/1991</subfield>
      <subfield code="z">DIGI-SENT</subfield>
      <subfield code="o">.TECHSTAFF. tf:PHYSICS 11/07/09 batch</subfield>
      <subfield code="o">.TECHSTAFF. #16/r:bpk/i:bpk</subfield>
    </datafield>
    <datafield tag="999" ind1=" " ind2=" ">
      <subfield code="a">Q1 .S34 V.61 1925</subfield>
      <subfield code="w">LCPER</subfield>
      <subfield code="c">4</subfield>
      <subfield code="i">36105000935952</subfield>
      <subfield code="d">7/17/2006</subfield>
      <subfield code="e">7/13/2006</subfield>
      <subfield code="l">SHELBYTITL</subfield>
      <subfield code="m">BIOLOGY</subfield>
      <subfield code="p">$40.00</subfield>
      <subfield code="r">Y</subfield>
      <subfield code="s">Y</subfield>
      <subfield code="t">PERI</subfield>
      <subfield code="u">2/25/1991</subfield>
      <subfield code="z">DIGI-SENT</subfield>
      <subfield code="o">.TECHSTAFF. tf:PHYSICS 11/07/09 batch</subfield>
      <subfield code="o">.TECHSTAFF. #16/r:bpk/i:bpk</subfield>
    </datafield>
    <datafield tag="999" ind1=" " ind2=" ">
      <subfield code="a">Q1 .S34 V.60 1924</subfield>
      <subfield code="w">LCPER</subfield>
      <subfield code="c">4</subfield>
      <subfield code="i">36105000935945</subfield>
      <subfield code="d">7/17/2006</subfield>
      <subfield code="e">7/13/2006</subfield>
      <subfield code="l">SHELBYTITL</subfield>
      <subfield code="m">BIOLOGY</subfield>
      <subfield code="p">$40.00</subfield>
      <subfield code="q">1</subfield>
      <subfield code="r">Y</subfield>
      <subfield code="s">Y</subfield>
      <subfield code="t">PERI</subfield>
      <subfield code="u">2/25/1991</subfield>
      <subfield code="z">DIGI-SENT</subfield>
      <subfield code="o">.TECHSTAFF. tf:PHYSICS 11/07/09 batch</subfield>
      <subfield code="o">.TECHSTAFF. #16/r:bpk/i:bpk</subfield>
    </datafield>
    <datafield tag="999" ind1=" " ind2=" ">
      <subfield code="a">Q1 .S34 V.59 1924</subfield>
      <subfield code="w">LCPER</subfield>
      <subfield code="c">4</subfield>
      <subfield code="i">36105000935937</subfield>
      <subfield code="d">7/17/2006</subfield>
      <subfield code="e">7/13/2006</subfield>
      <subfield code="l">SHELBYTITL</subfield>
      <subfield code="m">BIOLOGY</subfield>
      <subfield code="p">$40.00</subfield>
      <subfield code="r">Y</subfield>
      <subfield code="s">Y</subfield>
      <subfield code="t">PERI</subfield>
      <subfield code="u">2/25/1991</subfield>
      <subfield code="z">DIGI-SENT</subfield>
      <subfield code="o">.TECHSTAFF. tf:PHYSICS 11/07/09 batch</subfield>
      <subfield code="o">.TECHSTAFF. #16/r:bpk/i:bpk</subfield>
    </datafield>
    <datafield tag="999" ind1=" " ind2=" ">
      <subfield code="a">Q1 .S34 V.58 1923</subfield>
      <subfield code="w">LCPER</subfield>
      <subfield code="c">4</subfield>
      <subfield code="i">36105000935929</subfield>
      <subfield code="d">7/17/2006</subfield>
      <subfield code="e">7/13/2006</subfield>
      <subfield code="l">SHELBYTITL</subfield>
      <subfield code="m">BIOLOGY</subfield>
      <subfield code="p">$40.00</subfield>
      <subfield code="r">Y</subfield>
      <subfield code="s">Y</subfield>
      <subfield code="t">PERI</subfield>
      <subfield code="u">2/25/1991</subfield>
      <subfield code="z">DIGI-SENT</subfield>
      <subfield code="o">.TECHSTAFF. tf:PHYSICS 11/07/09 batch</subfield>
      <subfield code="o">.TECHSTAFF. #16/r:bpk/i:bpk</subfield>
    </datafield>
    <datafield tag="999" ind1=" " ind2=" ">
      <subfield code="a">Q1 .S34 V.57 1923</subfield>
      <subfield code="w">LCPER</subfield>
      <subfield code="c">4</subfield>
      <subfield code="i">36105000935911</subfield>
      <subfield code="d">7/17/2006</subfield>
      <subfield code="e">7/13/2006</subfield>
      <subfield code="l">SHELBYTITL</subfield>
      <subfield code="m">BIOLOGY</subfield>
      <subfield code="p">$40.00</subfield>
      <subfield code="q">2</subfield>
      <subfield code="r">Y</subfield>
      <subfield code="s">Y</subfield>
      <subfield code="t">PERI</subfield>
      <subfield code="u">2/25/1991</subfield>
      <subfield code="z">DIGI-SENT</subfield>
      <subfield code="o">.TECHSTAFF. tf:PHYSICS 11/07/09 batch</subfield>
      <subfield code="o">.TECHSTAFF. #16/r:bpk/i:bpk</subfield>
    </datafield>
    <datafield tag="999" ind1=" " ind2=" ">
      <subfield code="a">Q1 .S34 V.55 1922</subfield>
      <subfield code="w">LCPER</subfield>
      <subfield code="c">4</subfield>
      <subfield code="i">36105000935861</subfield>
      <subfield code="d">7/17/2006</subfield>
      <subfield code="e">7/13/2006</subfield>
      <subfield code="l">SHELBYTITL</subfield>
      <subfield code="m">BIOLOGY</subfield>
      <subfield code="p">$40.00</subfield>
      <subfield code="r">Y</subfield>
      <subfield code="s">Y</subfield>
      <subfield code="t">PERI</subfield>
      <subfield code="u">2/25/1991</subfield>
      <subfield code="z">DIGI-SENT</subfield>
      <subfield code="o">.TECHSTAFF. tf:PHYSICS 11/07/09 batch</subfield>
      <subfield code="o">.TECHSTAFF. #16/r:bpk/i:bpk</subfield>
    </datafield>
    <datafield tag="999" ind1=" " ind2=" ">
      <subfield code="a">Q1 .S34 V.54 1921</subfield>
      <subfield code="w">LCPER</subfield>
      <subfield code="c">4</subfield>
      <subfield code="i">36105000935879</subfield>
      <subfield code="d">7/17/2006</subfield>
      <subfield code="e">7/13/2006</subfield>
      <subfield code="l">SHELBYTITL</subfield>
      <subfield code="m">BIOLOGY</subfield>
      <subfield code="p">$40.00</subfield>
      <subfield code="r">Y</subfield>
      <subfield code="s">Y</subfield>
      <subfield code="t">PERI</subfield>
      <subfield code="u">2/25/1991</subfield>
      <subfield code="z">DIGI-SENT</subfield>
      <subfield code="o">.TECHSTAFF. tf:PHYSICS 11/07/09 batch</subfield>
      <subfield code="o">.TECHSTAFF. #16/r:bpk/i:bpk</subfield>
    </datafield>
    <datafield tag="999" ind1=" " ind2=" ">
      <subfield code="a">Q1 .S34 V.53 1921</subfield>
      <subfield code="w">LCPER</subfield>
      <subfield code="c">4</subfield>
      <subfield code="i">36105000935887</subfield>
      <subfield code="d">7/17/2006</subfield>
      <subfield code="e">7/13/2006</subfield>
      <subfield code="l">SHELBYTITL</subfield>
      <subfield code="m">BIOLOGY</subfield>
      <subfield code="p">$40.00</subfield>
      <subfield code="q">2</subfield>
      <subfield code="r">Y</subfield>
      <subfield code="s">Y</subfield>
      <subfield code="t">PERI</subfield>
      <subfield code="u">2/25/1991</subfield>
      <subfield code="z">DIGI-SENT</subfield>
      <subfield code="o">.TECHSTAFF. tf:PHYSICS 11/07/09 batch</subfield>
      <subfield code="o">.TECHSTAFF. #16/r:bpk/i:bpk</subfield>
    </datafield>
    <datafield tag="999" ind1=" " ind2=" ">
      <subfield code="a">Q1 .S34 V.52 1920</subfield>
      <subfield code="w">LCPER</subfield>
      <subfield code="c">4</subfield>
      <subfield code="i">36105000935895</subfield>
      <subfield code="d">7/17/2006</subfield>
      <subfield code="e">7/13/2006</subfield>
      <subfield code="l">SHELBYTITL</subfield>
      <subfield code="m">BIOLOGY</subfield>
      <subfield code="p">$40.00</subfield>
      <subfield code="q">2</subfield>
      <subfield code="r">Y</subfield>
      <subfield code="s">Y</subfield>
      <subfield code="t">PERI</subfield>
      <subfield code="u">2/25/1991</subfield>
      <subfield code="z">DIGI-SENT</subfield>
      <subfield code="o">.TECHSTAFF. tf:PHYSICS 11/07/09 batch</subfield>
      <subfield code="o">.TECHSTAFF. #16/r:bpk/i:bpk</subfield>
    </datafield>
    <datafield tag="999" ind1=" " ind2=" ">
      <subfield code="a">Q1 .S34 V.51 1920</subfield>
      <subfield code="w">LCPER</subfield>
      <subfield code="c">4</subfield>
      <subfield code="i">36105000935903</subfield>
      <subfield code="d">7/17/2006</subfield>
      <subfield code="e">7/13/2006</subfield>
      <subfield code="l">SHELBYTITL</subfield>
      <subfield code="m">BIOLOGY</subfield>
      <subfield code="p">$40.00</subfield>
      <subfield code="r">Y</subfield>
      <subfield code="s">Y</subfield>
      <subfield code="t">PERI</subfield>
      <subfield code="u">2/25/1991</subfield>
      <subfield code="z">DIGI-SENT</subfield>
      <subfield code="o">.TECHSTAFF. tf:PHYSICS 11/07/09 batch</subfield>
      <subfield code="o">.TECHSTAFF. #16/r:bpk/i:bpk</subfield>
    </datafield>
    <datafield tag="999" ind1=" " ind2=" ">
      <subfield code="a">Q1 .S34 V.50 1919</subfield>
      <subfield code="w">LCPER</subfield>
      <subfield code="c">4</subfield>
      <subfield code="i">36105000935846</subfield>
      <subfield code="d">7/17/2006</subfield>
      <subfield code="e">7/13/2006</subfield>
      <subfield code="l">SHELBYTITL</subfield>
      <subfield code="m">BIOLOGY</subfield>
      <subfield code="p">$40.00</subfield>
      <subfield code="r">Y</subfield>
      <subfield code="s">Y</subfield>
      <subfield code="t">PERI</subfield>
      <subfield code="u">2/25/1991</subfield>
      <subfield code="z">DIGI-SENT</subfield>
      <subfield code="o">.TECHSTAFF. tf:PHYSICS 11/07/09 batch</subfield>
      <subfield code="o">.TECHSTAFF. #16/r:bpk/i:bpk</subfield>
    </datafield>
    <datafield tag="999" ind1=" " ind2=" ">
      <subfield code="a">Q1 .S34 V.49 1919</subfield>
      <subfield code="w">LCPER</subfield>
      <subfield code="c">4</subfield>
      <subfield code="i">36105000935838</subfield>
      <subfield code="d">7/17/2006</subfield>
      <subfield code="e">7/13/2006</subfield>
      <subfield code="l">SHELBYTITL</subfield>
      <subfield code="m">BIOLOGY</subfield>
      <subfield code="p">$40.00</subfield>
      <subfield code="r">Y</subfield>
      <subfield code="s">Y</subfield>
      <subfield code="t">PERI</subfield>
      <subfield code="u">2/25/1991</subfield>
      <subfield code="z">DIGI-SENT</subfield>
      <subfield code="o">.TECHSTAFF. tf:PHYSICS 11/07/09 batch</subfield>
      <subfield code="o">.TECHSTAFF. #16/r:bpk/i:bpk</subfield>
    </datafield>
    <datafield tag="999" ind1=" " ind2=" ">
      <subfield code="a">Q1 .S34 V.48 1918</subfield>
      <subfield code="w">LCPER</subfield>
      <subfield code="c">4</subfield>
      <subfield code="i">36105000935820</subfield>
      <subfield code="d">7/17/2006</subfield>
      <subfield code="e">7/13/2006</subfield>
      <subfield code="l">SHELBYTITL</subfield>
      <subfield code="m">BIOLOGY</subfield>
      <subfield code="p">$40.00</subfield>
      <subfield code="r">Y</subfield>
      <subfield code="s">Y</subfield>
      <subfield code="t">PERI</subfield>
      <subfield code="u">2/25/1991</subfield>
      <subfield code="z">DIGI-SENT</subfield>
      <subfield code="o">.TECHSTAFF. tf:PHYSICS 11/07/09 batch</subfield>
      <subfield code="o">.TECHSTAFF. #16/r:bpk/i:bpk</subfield>
    </datafield>
    <datafield tag="999" ind1=" " ind2=" ">
      <subfield code="a">Q1 .S34 V.47 1918</subfield>
      <subfield code="w">LCPER</subfield>
      <subfield code="c">4</subfield>
      <subfield code="i">36105000935812</subfield>
      <subfield code="d">7/17/2006</subfield>
      <subfield code="e">7/13/2006</subfield>
      <subfield code="l">SHELBYTITL</subfield>
      <subfield code="m">BIOLOGY</subfield>
      <subfield code="p">$40.00</subfield>
      <subfield code="r">Y</subfield>
      <subfield code="s">Y</subfield>
      <subfield code="t">PERI</subfield>
      <subfield code="u">2/25/1991</subfield>
      <subfield code="z">DIGI-SENT</subfield>
      <subfield code="o">.TECHSTAFF. tf:PHYSICS 11/07/09 batch</subfield>
      <subfield code="o">.TECHSTAFF. #16/r:bpk/i:bpk</subfield>
    </datafield>
    <datafield tag="999" ind1=" " ind2=" ">
      <subfield code="a">Q1 .S34 V.46 1917</subfield>
      <subfield code="w">LCPER</subfield>
      <subfield code="c">4</subfield>
      <subfield code="i">36105000935804</subfield>
      <subfield code="d">7/17/2006</subfield>
      <subfield code="e">7/13/2006</subfield>
      <subfield code="l">SHELBYTITL</subfield>
      <subfield code="m">BIOLOGY</subfield>
      <subfield code="p">$40.00</subfield>
      <subfield code="r">Y</subfield>
      <subfield code="s">Y</subfield>
      <subfield code="t">PERI</subfield>
      <subfield code="u">2/25/1991</subfield>
      <subfield code="z">DIGI-SENT</subfield>
      <subfield code="o">.TECHSTAFF. tf:PHYSICS 11/07/09 batch</subfield>
      <subfield code="o">.TECHSTAFF. #16/r:bpk/i:bpk</subfield>
    </datafield>
    <datafield tag="999" ind1=" " ind2=" ">
      <subfield code="a">Q1 .S34 V.45 1917</subfield>
      <subfield code="w">LCPER</subfield>
      <subfield code="c">4</subfield>
      <subfield code="i">36105000935796</subfield>
      <subfield code="d">7/17/2006</subfield>
      <subfield code="e">7/13/2006</subfield>
      <subfield code="l">SHELBYTITL</subfield>
      <subfield code="m">BIOLOGY</subfield>
      <subfield code="p">$40.00</subfield>
      <subfield code="r">Y</subfield>
      <subfield code="s">Y</subfield>
      <subfield code="t">PERI</subfield>
      <subfield code="u">2/25/1991</subfield>
      <subfield code="z">DIGI-SENT</subfield>
      <subfield code="o">.TECHSTAFF. tf:PHYSICS 11/07/09 batch</subfield>
      <subfield code="o">.TECHSTAFF. #16/r:bpk/i:bpk</subfield>
    </datafield>
    <datafield tag="999" ind1=" " ind2=" ">
      <subfield code="a">Q1 .S34 V.44 1916</subfield>
      <subfield code="w">LCPER</subfield>
      <subfield code="c">4</subfield>
      <subfield code="i">36105000935788</subfield>
      <subfield code="d">7/17/2006</subfield>
      <subfield code="e">7/13/2006</subfield>
      <subfield code="l">SHELBYTITL</subfield>
      <subfield code="m">BIOLOGY</subfield>
      <subfield code="p">$40.00</subfield>
      <subfield code="r">Y</subfield>
      <subfield code="s">Y</subfield>
      <subfield code="t">PERI</subfield>
      <subfield code="u">2/25/1991</subfield>
      <subfield code="z">DIGI-SENT</subfield>
      <subfield code="o">.TECHSTAFF. tf:PHYSICS 11/07/09 batch</subfield>
      <subfield code="o">.TECHSTAFF. #16/r:bpk/i:bpk</subfield>
    </datafield>
    <datafield tag="999" ind1=" " ind2=" ">
      <subfield code="a">Q1 .S34 V.43 1916</subfield>
      <subfield code="w">LCPER</subfield>
      <subfield code="c">4</subfield>
      <subfield code="i">36105000935770</subfield>
      <subfield code="d">8/9/1996</subfield>
      <subfield code="l">SHELBYTITL</subfield>
      <subfield code="m">BIOLOGY</subfield>
      <subfield code="p">$40.00</subfield>
      <subfield code="r">Y</subfield>
      <subfield code="s">Y</subfield>
      <subfield code="t">PERI</subfield>
      <subfield code="u">2/25/1991</subfield>
      <subfield code="o">.TECHSTAFF. tf:PHYSICS 11/07/09 batch</subfield>
      <subfield code="o">.TECHSTAFF. #16/r:bpk/i:bpk</subfield>
    </datafield>
    <datafield tag="999" ind1=" " ind2=" ">
      <subfield code="a">Q1 .S34 V.41 1915</subfield>
      <subfield code="w">LCPER</subfield>
      <subfield code="c">4</subfield>
      <subfield code="i">36105000935762</subfield>
      <subfield code="d">8/9/1996</subfield>
      <subfield code="l">SHELBYTITL</subfield>
      <subfield code="m">BIOLOGY</subfield>
      <subfield code="p">$40.00</subfield>
      <subfield code="r">Y</subfield>
      <subfield code="s">Y</subfield>
      <subfield code="t">PERI</subfield>
      <subfield code="u">2/25/1991</subfield>
      <subfield code="o">.TECHSTAFF. tf:PHYSICS 11/07/09 batch</subfield>
      <subfield code="o">.TECHSTAFF. #16/r:bpk/i:bpk</subfield>
    </datafield>
    <datafield tag="999" ind1=" " ind2=" ">
      <subfield code="a">Q1 .S34 V.325:NO.5945 2009:SEPT.4</subfield>
      <subfield code="w">LCPER</subfield>
      <subfield code="c">1</subfield>
      <subfield code="i">36105132444311</subfield>
      <subfield code="l">STACKS</subfield>
      <subfield code="m">EARTH-SCI</subfield>
      <subfield code="p">$125.00</subfield>
      <subfield code="r">Y</subfield>
      <subfield code="s">Y</subfield>
      <subfield code="t">PERIUNBND</subfield>
      <subfield code="u">11/24/2009</subfield>
      <subfield code="z">TAX=8.25</subfield>
    </datafield>
    <datafield tag="999" ind1=" " ind2=" ">
      <subfield code="a">Q1 .S34 V.325:NO.5948 2009:SEPT.25</subfield>
      <subfield code="w">LCPER</subfield>
      <subfield code="c">1</subfield>
      <subfield code="i">36105132444329</subfield>
      <subfield code="l">STACKS</subfield>
      <subfield code="m">EARTH-SCI</subfield>
      <subfield code="p">$125.00</subfield>
      <subfield code="r">Y</subfield>
      <subfield code="s">Y</subfield>
      <subfield code="t">PERIUNBND</subfield>
      <subfield code="u">11/24/2009</subfield>
      <subfield code="z">TAX=8.25</subfield>
    </datafield>
    <datafield tag="999" ind1=" " ind2=" ">
      <subfield code="a">Q1 .S34 V.325:NO.5936-5948 2009</subfield>
      <subfield code="w">LCPER</subfield>
      <subfield code="c">1</subfield>
      <subfield code="i">36105024553963</subfield>
      <subfield code="l">SHELBYTITL</subfield>
      <subfield code="m">HOPKINS</subfield>
      <subfield code="n">16</subfield>
      <subfield code="r">Y</subfield>
      <subfield code="s">Y</subfield>
      <subfield code="t">PERI</subfield>
      <subfield code="u">12/3/2009</subfield>
    </datafield>
    <datafield tag="999" ind1=" " ind2=" ">
      <subfield code="a">Q1 .S34 V.325:P.1-640 2009</subfield>
      <subfield code="w">LCPER</subfield>
      <subfield code="c">1</subfield>
      <subfield code="i">36105123664257</subfield>
      <subfield code="d">2/22/2010</subfield>
      <subfield code="e">1/26/2010</subfield>
      <subfield code="l">SHELBYTITL</subfield>
      <subfield code="m">CHEMCHMENG</subfield>
      <subfield code="n">1</subfield>
      <subfield code="r">Y</subfield>
      <subfield code="s">Y</subfield>
      <subfield code="t">PERI2</subfield>
      <subfield code="u">1/21/2010</subfield>
    </datafield>
    <datafield tag="999" ind1=" " ind2=" ">
      <subfield code="a">Q1 .S34 V.325:P.641-1168 2009</subfield>
      <subfield code="w">LCPER</subfield>
      <subfield code="c">1</subfield>
      <subfield code="i">36105123664265</subfield>
      <subfield code="d">2/22/2010</subfield>
      <subfield code="e">1/26/2010</subfield>
      <subfield code="l">SHELBYTITL</subfield>
      <subfield code="m">CHEMCHMENG</subfield>
      <subfield code="n">1</subfield>
      <subfield code="r">Y</subfield>
      <subfield code="s">Y</subfield>
      <subfield code="t">PERI2</subfield>
      <subfield code="u">1/21/2010</subfield>
    </datafield>
    <datafield tag="999" ind1=" " ind2=" ">
      <subfield code="a">Q1 .S34 V.325:P.1169-1740 2009</subfield>
      <subfield code="w">LCPER</subfield>
      <subfield code="c">1</subfield>
      <subfield code="i">36105123664273</subfield>
      <subfield code="d">2/23/2010</subfield>
      <subfield code="e">1/26/2010</subfield>
      <subfield code="l">SHELBYTITL</subfield>
      <subfield code="m">CHEMCHMENG</subfield>
      <subfield code="n">1</subfield>
      <subfield code="r">Y</subfield>
      <subfield code="s">Y</subfield>
      <subfield code="t">PERI2</subfield>
      <subfield code="u">1/21/2010</subfield>
    </datafield>
    <datafield tag="999" ind1=" " ind2=" ">
      <subfield code="a">Q1 .S34 V.326:NO.5950 2009:OCT.9</subfield>
      <subfield code="w">LCPER</subfield>
      <subfield code="c">1</subfield>
      <subfield code="i">36105213126829</subfield>
      <subfield code="l">STACKS</subfield>
      <subfield code="m">EARTH-SCI</subfield>
      <subfield code="p">$125.00</subfield>
      <subfield code="r">Y</subfield>
      <subfield code="s">Y</subfield>
      <subfield code="t">PERIUNBND</subfield>
      <subfield code="u">1/29/2010</subfield>
      <subfield code="z">TAX=8.25</subfield>
    </datafield>
    <datafield tag="999" ind1=" " ind2=" ">
      <subfield code="a">Q1 .S34 V.326:NO.5951 2009:OCT.16</subfield>
      <subfield code="w">LCPER</subfield>
      <subfield code="c">1</subfield>
      <subfield code="i">36105213126837</subfield>
      <subfield code="l">STACKS</subfield>
      <subfield code="m">EARTH-SCI</subfield>
      <subfield code="p">$125.00</subfield>
      <subfield code="r">Y</subfield>
      <subfield code="s">Y</subfield>
      <subfield code="t">PERIUNBND</subfield>
      <subfield code="u">1/29/2010</subfield>
      <subfield code="z">TAX=8.25</subfield>
    </datafield>
    <datafield tag="999" ind1=" " ind2=" ">
      <subfield code="a">Q1 .S34 V.326:NO.5952 2009:OCT.23</subfield>
      <subfield code="w">LCPER</subfield>
      <subfield code="c">1</subfield>
      <subfield code="i">36105213126845</subfield>
      <subfield code="l">STACKS</subfield>
      <subfield code="m">EARTH-SCI</subfield>
      <subfield code="p">$125.00</subfield>
      <subfield code="r">Y</subfield>
      <subfield code="s">Y</subfield>
      <subfield code="t">PERIUNBND</subfield>
      <subfield code="u">1/29/2010</subfield>
      <subfield code="z">TAX=8.25</subfield>
    </datafield>
    <datafield tag="999" ind1=" " ind2=" ">
      <subfield code="a">Q1 .S34 V.326:NO.5953 2009:OCT.30</subfield>
      <subfield code="w">LCPER</subfield>
      <subfield code="c">1</subfield>
      <subfield code="i">36105213126852</subfield>
      <subfield code="l">STACKS</subfield>
      <subfield code="m">EARTH-SCI</subfield>
      <subfield code="p">$125.00</subfield>
      <subfield code="r">Y</subfield>
      <subfield code="s">Y</subfield>
      <subfield code="t">PERIUNBND</subfield>
      <subfield code="u">1/29/2010</subfield>
      <subfield code="z">TAX=8.25</subfield>
    </datafield>
    <datafield tag="999" ind1=" " ind2=" ">
      <subfield code="a">Q1 .S34 V.326:NO.5954 2009:NOV.6</subfield>
      <subfield code="w">LCPER</subfield>
      <subfield code="c">1</subfield>
      <subfield code="i">36105213126860</subfield>
      <subfield code="l">STACKS</subfield>
      <subfield code="m">EARTH-SCI</subfield>
      <subfield code="p">$125.00</subfield>
      <subfield code="r">Y</subfield>
      <subfield code="s">Y</subfield>
      <subfield code="t">PERIUNBND</subfield>
      <subfield code="u">1/29/2010</subfield>
      <subfield code="z">TAX=8.25</subfield>
    </datafield>
    <datafield tag="999" ind1=" " ind2=" ">
      <subfield code="a">Q1 .S34 V.324:NO.5927-5935 2009</subfield>
      <subfield code="w">LCPER</subfield>
      <subfield code="c">1</subfield>
      <subfield code="i">36105024554268</subfield>
      <subfield code="l">SHELBYTITL</subfield>
      <subfield code="m">HOPKINS</subfield>
      <subfield code="n">12</subfield>
      <subfield code="r">Y</subfield>
      <subfield code="s">Y</subfield>
      <subfield code="t">PERI</subfield>
      <subfield code="u">2/10/2010</subfield>
    </datafield>
    <datafield tag="999" ind1=" " ind2=" ">
      <subfield code="a">Q1 .S34 V.326:NO.5955 2009:NOV.13</subfield>
      <subfield code="w">LCPER</subfield>
      <subfield code="c">1</subfield>
      <subfield code="i">36105213130532</subfield>
      <subfield code="l">STACKS</subfield>
      <subfield code="m">EARTH-SCI</subfield>
      <subfield code="p">$125.00</subfield>
      <subfield code="r">Y</subfield>
      <subfield code="s">Y</subfield>
      <subfield code="t">PERIUNBND</subfield>
      <subfield code="u">2/23/2010</subfield>
      <subfield code="z">TAX=8.25</subfield>
    </datafield>
    <datafield tag="999" ind1=" " ind2=" ">
      <subfield code="a">Q1 .S34 V.326:NO.5956 2009:NOV.20</subfield>
      <subfield code="w">LCPER</subfield>
      <subfield code="c">1</subfield>
      <subfield code="i">36105213130540</subfield>
      <subfield code="l">STACKS</subfield>
      <subfield code="m">EARTH-SCI</subfield>
      <subfield code="p">$125.00</subfield>
      <subfield code="r">Y</subfield>
      <subfield code="s">Y</subfield>
      <subfield code="t">PERIUNBND</subfield>
      <subfield code="u">2/23/2010</subfield>
      <subfield code="z">TAX=8.25</subfield>
    </datafield>
    <datafield tag="999" ind1=" " ind2=" ">
      <subfield code="a">Q1 .S34 V.326:NO.5957 2009:NOV.27</subfield>
      <subfield code="w">LCPER</subfield>
      <subfield code="c">1</subfield>
      <subfield code="i">36105213130557</subfield>
      <subfield code="l">STACKS</subfield>
      <subfield code="m">EARTH-SCI</subfield>
      <subfield code="p">$125.00</subfield>
      <subfield code="r">Y</subfield>
      <subfield code="s">Y</subfield>
      <subfield code="t">PERIUNBND</subfield>
      <subfield code="u">2/23/2010</subfield>
      <subfield code="z">TAX=8.25</subfield>
    </datafield>
    <datafield tag="999" ind1=" " ind2=" ">
      <subfield code="a">Q1 .S34 V.326:NO.5958 2009:DEC.4</subfield>
      <subfield code="w">LCPER</subfield>
      <subfield code="c">1</subfield>
      <subfield code="i">36105213130565</subfield>
      <subfield code="l">STACKS</subfield>
      <subfield code="m">EARTH-SCI</subfield>
      <subfield code="p">$125.00</subfield>
      <subfield code="r">Y</subfield>
      <subfield code="s">Y</subfield>
      <subfield code="t">PERIUNBND</subfield>
      <subfield code="u">2/23/2010</subfield>
      <subfield code="z">TAX=8.25</subfield>
    </datafield>
    <datafield tag="999" ind1=" " ind2=" ">
      <subfield code="a">Q1 .S34 V.326:NO.5949-5960 2009</subfield>
      <subfield code="w">LCPER</subfield>
      <subfield code="c">1</subfield>
      <subfield code="i">36105024554979</subfield>
      <subfield code="l">SHELBYTITL</subfield>
      <subfield code="m">HOPKINS</subfield>
      <subfield code="n">17</subfield>
      <subfield code="r">Y</subfield>
      <subfield code="s">Y</subfield>
      <subfield code="t">PERI</subfield>
      <subfield code="u">3/26/2010</subfield>
    </datafield>
    <datafield tag="999" ind1=" " ind2=" ">
      <subfield code="a">Q1 .S34 V.326:P.1-756 2009</subfield>
      <subfield code="w">LCPER</subfield>
      <subfield code="c">1</subfield>
      <subfield code="i">36105133246822</subfield>
      <subfield code="d">5/11/2010</subfield>
      <subfield code="e">4/2/2010</subfield>
      <subfield code="l">SHELBYTITL</subfield>
      <subfield code="m">CHEMCHMENG</subfield>
      <subfield code="n">1</subfield>
      <subfield code="q">1</subfield>
      <subfield code="r">Y</subfield>
      <subfield code="s">Y</subfield>
      <subfield code="t">PERI2</subfield>
      <subfield code="u">4/1/2010</subfield>
    </datafield>
    <datafield tag="999" ind1=" " ind2=" ">
      <subfield code="a">Q1 .S34 V.326:P.757-1744 2009</subfield>
      <subfield code="w">LCPER</subfield>
      <subfield code="c">1</subfield>
      <subfield code="i">36105133246830</subfield>
      <subfield code="d">5/11/2010</subfield>
      <subfield code="e">4/2/2010</subfield>
      <subfield code="l">SHELBYTITL</subfield>
      <subfield code="m">CHEMCHMENG</subfield>
      <subfield code="n">1</subfield>
      <subfield code="q">12</subfield>
      <subfield code="r">Y</subfield>
      <subfield code="s">Y</subfield>
      <subfield code="t">PERI2</subfield>
      <subfield code="u">4/1/2010</subfield>
    </datafield>
    <datafield tag="999" ind1=" " ind2=" ">
      <subfield code="a">Q1 .S34 V.326:NO.5959 2009:DEC.11</subfield>
      <subfield code="w">LCPER</subfield>
      <subfield code="c">1</subfield>
      <subfield code="i">36105213134849</subfield>
      <subfield code="l">STACKS</subfield>
      <subfield code="m">EARTH-SCI</subfield>
      <subfield code="p">$125.00</subfield>
      <subfield code="r">Y</subfield>
      <subfield code="s">Y</subfield>
      <subfield code="t">PERIUNBND</subfield>
      <subfield code="u">5/28/2010</subfield>
      <subfield code="z">TAX=8.25</subfield>
    </datafield>
    <datafield tag="999" ind1=" " ind2=" ">
      <subfield code="a">Q1 .S34 V.326:NO.5960 2009:DEC.18</subfield>
      <subfield code="w">LCPER</subfield>
      <subfield code="c">1</subfield>
      <subfield code="i">36105213135861</subfield>
      <subfield code="l">STACKS</subfield>
      <subfield code="m">EARTH-SCI</subfield>
      <subfield code="p">$125.00</subfield>
      <subfield code="r">Y</subfield>
      <subfield code="s">Y</subfield>
      <subfield code="t">PERIUNBND</subfield>
      <subfield code="u">7/8/2010</subfield>
      <subfield code="z">TAX=8.25</subfield>
    </datafield>
    <datafield tag="999" ind1=" " ind2=" ">
      <subfield code="a">505 .S416 V.328:NO.5974-5982 2010</subfield>
      <subfield code="w">DEWEYPER</subfield>
      <subfield code="c">5</subfield>
      <subfield code="i">36105123124492</subfield>
      <subfield code="d">7/16/2010</subfield>
      <subfield code="e">7/16/2010</subfield>
      <subfield code="k">SUL-BIND</subfield>
      <subfield code="l">SHELBYTITL</subfield>
      <subfield code="m">BIOLOGY</subfield>
      <subfield code="n">1</subfield>
      <subfield code="q">6</subfield>
      <subfield code="r">Y</subfield>
      <subfield code="s">Y</subfield>
      <subfield code="t">PERI</subfield>
      <subfield code="u">7/14/2010</subfield>
    </datafield>
    <datafield tag="999" ind1=" " ind2=" ">
      <subfield code="a">505 .S416 V.328:NO.5966-5973 2010</subfield>
      <subfield code="w">DEWEYPER</subfield>
      <subfield code="c">5</subfield>
      <subfield code="i">36105123124500</subfield>
      <subfield code="d">7/16/2010</subfield>
      <subfield code="e">7/16/2010</subfield>
      <subfield code="k">SUL-BIND</subfield>
      <subfield code="l">SHELBYTITL</subfield>
      <subfield code="m">BIOLOGY</subfield>
      <subfield code="n">1</subfield>
      <subfield code="q">9</subfield>
      <subfield code="r">Y</subfield>
      <subfield code="s">Y</subfield>
      <subfield code="t">PERI</subfield>
      <subfield code="u">7/14/2010</subfield>
    </datafield>
    <datafield tag="999" ind1=" " ind2=" ">
      <subfield code="a">505 .S416 V.327:NO.5961-5965 2010</subfield>
      <subfield code="w">DEWEYPER</subfield>
      <subfield code="c">5</subfield>
      <subfield code="i">36105123124518</subfield>
      <subfield code="d">7/16/2010</subfield>
      <subfield code="e">7/16/2010</subfield>
      <subfield code="k">SUL-BIND</subfield>
      <subfield code="l">SHELBYTITL</subfield>
      <subfield code="m">BIOLOGY</subfield>
      <subfield code="n">1</subfield>
      <subfield code="q">7</subfield>
      <subfield code="r">Y</subfield>
      <subfield code="s">Y</subfield>
      <subfield code="t">PERI</subfield>
      <subfield code="u">7/14/2010</subfield>
    </datafield>
    <datafield tag="999" ind1=" " ind2=" ">
      <subfield code="a">505 .S416 V.326:NO.5949-5953 2009</subfield>
      <subfield code="w">DEWEYPER</subfield>
      <subfield code="c">5</subfield>
      <subfield code="i">36105123124526</subfield>
      <subfield code="d">7/16/2010</subfield>
      <subfield code="e">7/16/2010</subfield>
      <subfield code="k">SUL-BIND</subfield>
      <subfield code="l">SHELBYTITL</subfield>
      <subfield code="m">BIOLOGY</subfield>
      <subfield code="n">1</subfield>
      <subfield code="q">1</subfield>
      <subfield code="r">Y</subfield>
      <subfield code="s">Y</subfield>
      <subfield code="t">PERI</subfield>
      <subfield code="u">7/14/2010</subfield>
    </datafield>
    <datafield tag="999" ind1=" " ind2=" ">
      <subfield code="a">505 .S416 V.325:NO.5941-5948 2009</subfield>
      <subfield code="w">DEWEYPER</subfield>
      <subfield code="c">5</subfield>
      <subfield code="i">36105123124534</subfield>
      <subfield code="d">7/16/2010</subfield>
      <subfield code="e">7/16/2010</subfield>
      <subfield code="k">SUL-BIND</subfield>
      <subfield code="l">SHELBYTITL</subfield>
      <subfield code="m">BIOLOGY</subfield>
      <subfield code="n">1</subfield>
      <subfield code="q">4</subfield>
      <subfield code="r">Y</subfield>
      <subfield code="s">Y</subfield>
      <subfield code="t">PERI</subfield>
      <subfield code="u">7/14/2010</subfield>
    </datafield>
    <datafield tag="999" ind1=" " ind2=" ">
      <subfield code="a">505 .S416 V.325:NO.5936-5940 2009</subfield>
      <subfield code="w">DEWEYPER</subfield>
      <subfield code="c">5</subfield>
      <subfield code="i">36105123124542</subfield>
      <subfield code="d">7/16/2010</subfield>
      <subfield code="e">7/16/2010</subfield>
      <subfield code="k">SUL-BIND</subfield>
      <subfield code="l">SHELBYTITL</subfield>
      <subfield code="m">BIOLOGY</subfield>
      <subfield code="n">1</subfield>
      <subfield code="q">3</subfield>
      <subfield code="r">Y</subfield>
      <subfield code="s">Y</subfield>
      <subfield code="t">PERI</subfield>
      <subfield code="u">7/14/2010</subfield>
    </datafield>
    <datafield tag="999" ind1=" " ind2=" ">
      <subfield code="a">Q1 .S34 V.327:NO.5961-5973 2010</subfield>
      <subfield code="w">LCPER</subfield>
      <subfield code="c">1</subfield>
      <subfield code="i">3195846-3557001</subfield>
      <subfield code="l">SHELBYTITL</subfield>
      <subfield code="m">HOPKINS</subfield>
      <subfield code="n">14</subfield>
      <subfield code="r">Y</subfield>
      <subfield code="s">Y</subfield>
      <subfield code="t">PERI</subfield>
      <subfield code="u">8/11/2010</subfield>
    </datafield>
    <datafield tag="999" ind1=" " ind2=" ">
      <subfield code="a">505 .S416 V.326:NO.5954-55;57-5960 2009</subfield>
      <subfield code="w">DEWEYPER</subfield>
      <subfield code="c">5</subfield>
      <subfield code="i">36105123124971</subfield>
      <subfield code="d">8/16/2010</subfield>
      <subfield code="e">8/16/2010</subfield>
      <subfield code="k">REPAIR</subfield>
      <subfield code="l">SHELBYTITL</subfield>
      <subfield code="m">BIOLOGY</subfield>
      <subfield code="n">1</subfield>
      <subfield code="r">Y</subfield>
      <subfield code="s">Y</subfield>
      <subfield code="t">PERI</subfield>
      <subfield code="u">8/16/2010</subfield>
    </datafield>
  </record>
</collection>